2118 3522
1043 207 1101 253 10

218 346 377 394 locum
410 347 570 403 habet,
605 352 876 406 antequam,
912 361 1149 405 quaenam
1190 351 1238 392 et
1270 345 1427 405 qualis
1472 351 1596 393 esset
1636 345 1758 392 haec
1800 344 1915 392 doc-

220 423 363 479 trina,
398 421 684 482 significavit
715 423 743 468 i.
779 438 816 468 e.
850 426 963 468 ante
995 438 1065 467 vv.
1100 421 1301 468 61—79.
1373 420 1490 468 Hae,
1519 426 1699 479 contra,
1743 420 1916 482 quibus

218 499 462 558 opiniones
494 498 849 557 praeiudicatas
873 503 921 543 et
943 497 1321 557 superstitiones,
1357 512 1482 555 quae
1504 497 1644 557 vulgo
1667 497 1915 543 doctrinae

218 587 332 619 suae
364 572 570 619 infestae
598 573 708 628 sint,
743 587 960 619 amovere
994 572 1170 627 studet,
1206 570 1410 631 intelligi
1452 572 1642 618 omnino
1676 587 1770 619 non
1803 587 1915 632 pos-

218 652 343 702 sunt,
377 647 469 693 nisi
501 648 596 693 iam
630 647 810 707 paucis,
852 647 1008 706 qualis
1058 652 1183 693 esset
1232 646 1465 702 doctrina,
1516 646 1780 694 indicatum
1830 652 1914 694 est.

215 723 285 769 Re
307 738 420 769 vera
441 728 600 769 autem
623 722 958 770 offendendum
981 726 1054 769 est
1076 722 1125 767 in
1148 738 1217 768 vv.
1242 721 1444 778 54—61,
1469 722 1553 782 qui
1579 738 1687 769 cum
1707 723 1915 771 universi

218 800 440 847 carminis
473 814 705 846 summam
748 827 808 833 ——
854 798 975 845 nihil
1009 797 1142 845 aliud
1174 798 1224 842 in
1258 814 1328 843 vv.
1361 797 1425 843 54
1458 802 1506 843 et
1538 798 1600 844 55
1631 798 1735 845 init.
1765 814 1914 858 quae-

216 875 416 922 rendum
450 875 641 921 videtur
690 903 749 908 —-
802 874 1010 921 breviter
1059 872 1277 920 indicant
1318 878 1422 919 tum
1463 872 1575 920 libri
1607 872 1641 919 I.
1686 872 1913 921 thematis

215 951 588 1011 propositionem
652 967 760 998 cum
811 954 1040 998 accurata
1093 954 1360 996 atomorum
1412 948 1745 1009 terminologia
1801 965 1913 997 con-

213 1027 425 1073 iunctam
476 1026 731 1073 continent.
814 1025 949 1072 Talia
993 1029 1154 1071 autem
1210 1029 1323 1070 ante
1374 1025 1720 1072 accuratiorem
1769 1041 1912 1086 argu-

213 1103 361 1148 menti
396 1118 547 1162 paene
580 1103 730 1148 totius
763 1101 1149 1161 propositionem,
1185 1116 1308 1159 quae
1339 1101 1389 1146 in
1411 1117 1481 1147 vv.
1504 1101 1752 1148 127—-135
1774 1102 1913 1159 inest,

213 1193 302 1225 non
339 1182 456 1238 apta
490 1192 591 1224 esse
624 1191 778 1236 neque
812 1176 1001 1222 omnino
1048 1175 1205 1222 locum
1247 1175 1425 1222 habere
1467 1175 1559 1221 nisi
1605 1180 1716 1223 ante
1760 1177 1914 1237 ipsam

211 1253 322 1301 libri
354 1254 388 1299 Ι.
423 1253 884 1314 argumentationem
916 1258 1132 1313 apparet.
1197 1251 1267 1298 Ac
1307 1252 1347 1296 si
1381 1251 1489 1310 quis
1522 1251 1797 1298 Lucretium
1839 1254 1912 1299 ni-

211 1330 280 1377 hil
314 1331 445 1377 aliud
479 1330 693 1377 versibus
726 1329 911 1376 54—61
948 1326 1135 1374 efficere
1168 1327 1371 1373 voluisse
1405 1326 1550 1382 dicat,
1584 1328 1677 1374 nisi
1709 1333 1765 1375 ut
1798 1329 1912 1377 doc-

211 1406 388 1453 trinam
421 1421 557 1453 suam
590 1406 909 1453 atomisticam
953 1419 1055 1451 esse
1099 1402 1355 1464 significett
1410 1402 1473 1449 ad
1519 1402 1570 1449 id
1612 1402 1913 1452 efficiendum

211 1487 339 1528 certe
372 1488 473 1528 tam
505 1487 735 1529 accurata
767 1481 1137 1542 primordiorum
1170 1478 1501 1538 terminologia
1534 1494 1653 1539 opus
1675 1495 1770 1527 non
1794 1487 1911 1528 erat.

211 1557 275 1604 Et
319 1559 358 1604 si
402 1558 664 1604 Vahlenius
708 1573 815 1617 pag.
849 1558 944 1605 493
976 1555 1368 1603 necessariam
1415 1554 1547 1601 illam
1591 1556 1785 1615 quidem
1817 1573 1911 1604 non

213 1648 314 1680 esse
361 1632 503 1690 dicit,
539 1633 623 1679 sed
657 1647 763 1679 non
796 1631 1086 1687 inutilem,
1132 1635 1188 1677 ut
1232 1629 1396 1676 statim
1437 1630 1486 1675 in
1518 1630 1656 1677 initio
1690 1632 1911 1680 carminis

210 1714 457 1769 appareat,
494 1708 651 1767 qualis
684 1708 748 1753 sit
781 1723 838 1753 ea
870 1708 1101 1762 doctrina,
1138 1721 1234 1765 qua
1267 1707 1423 1752 omnia
1468 1723 1524 1752 ex
1569 1722 1729 1752 rerum
1771 1709 1911 1753 semi-

207 1784 349 1831 nibus
383 1784 481 1830 sine
515 1783 714 1830 deorum
747 1782 925 1830 auxilio
967 1782 1108 1829 fiant:
1156 1798 1240 1828 cur
1282 1782 1547 1839 Lucretius,
1595 1782 1635 1828 si
1677 1783 1771 1829 iam
1817 1782 1908 1830 hoc

206 1859 310 1907 loco
346 1858 512 1906 efferre
546 1859 708 1916 voluit,
747 1858 1007 1906 secundum
1043 1873 1179 1905 suam
1212 1857 1480 1905 doctrinam
1513 1858 1671 1905 omnia
1694 1858 1794 1905 sine
1827 1858 1909 1905 de-

208 1951 343 1984 orum
377 1951 522 1996 opera
554 1935 658 1982 fieri
690 1965 751 1969 —
787 1951 871 1982 cur
903 1935 954 1980 id
987 1950 1081 1981 non
1116 1935 1351 1995 expressis
1395 1935 1549 1982 verbis
1584 1935 1817 1995 protulit?
1862 1940 1911 1982 et

207 2012 323 2072 quid
358 2011 420 2057 ad
453 2011 579 2058 hanc
613 2011 900 2058 sententiam
933 2010 1270 2057 illustrandam
1305 2009 1556 2057 conferunt
1587 2027 1657 2057 vv.
1687 2010 1909 2057 58-61?

206 2088 424 2147 Denique
458 2087 587 2146 quod
610 2086 870 2133 Vahlenius
903 2102 1011 2146 pag.
1029 2087 1120 2133 497
1156 2086 1218 2132 ad
1252 2085 1589 2133 illustrandam
1623 2102 1728 2133 eam
1759 2086 1909 2133 ratio-

206 2178 327 2220 nem,
380 2177 478 2223 qua
510 2161 762 2208 Lucretius
811 2165 921 2222 post
967 2177 1036 2206 vv.
1071 2160 1257 2207 54—61
1309 2176 1479 2208 novam
1532 2161 1677 2208 etiam
1720 2165 1909 2222 partem

206 2239 436 2299 prooemii
470 2238 634 2293 addat,
669 2237 750 2293 III,
786 2237 974 2283 31—93
1008 2242 1056 2282 et
1072 2236 1151 2292 IV,
1187 2237 1376 2284 43-95
1411 2242 1671 2298 comparat,
1712 2252 1908 2283 monen-

206 2314 320 2361 dum
355 2318 426 2360 est
460 2327 656 2374 prorsus
690 2312 979 2359 contrariam
1011 2311 1078 2359 ibi
1100 2311 1302 2358 inveniri
1324 2313 1572 2370 rationem,
1608 2317 1656 2359 et
1677 2312 1729 2359 id
1750 2312 1908 2373 ipsum

206 2390 394 2445 deesse,
440 2389 568 2449 quod
611 2388 691 2435 hic
736 2387 980 2435 offensioni
1026 2394 1109 2435 est.
1174 2387 1245 2435 Ibi
1290 2389 1415 2434 enim
1454 2388 1728 2445 Lucretius,
1773 2392 1906 2449 post-

204 2481 349 2527 quam
384 2465 486 2527 (ΠΙ,
526 2465 678 2511 1-30
725 2470 773 2511 et
816 2464 894 2521 VI,
933 2465 1107 2526 1—42)
1155 2464 1214 2510 de
1247 2464 1443 2524 Epicuri
1484 2464 1667 2511 meritis
1712 2464 1907 2524 ejusque

204 2541 423 2588 doctrina
454 2541 503 2585 in
539 2540 811 2586 universum
844 2539 1084 2595 disseruit,
1119 2554 1196 2585 res
1226 2538 1440 2598 singulas
1479 2538 1574 2585 illis
1605 2539 1742 2586 libris
1776 2544 1905 2586 trac-

202 2617 376 2664 tandas
409 2615 636 2677 proponit
645 2632 657 2670 3
691 2614 770 2661 hic
793 2620 971 2671 contra,
1006 2619 1263 2676 postquam
1289 2628 1345 2660 ea
1366 2614 1463 2660 iam
1484 2615 1747 2676 proposuit,
1782 2631 1906 2676 quae

203 2693 266 2740 ad
308 2693 484 2740 librum
516 2692 550 2738 I.
584 2691 658 2738 vel
692 2691 725 2737 Ι.
762 2696 811 2737 et
842 2691 899 2736 H.
948 2691 1247 2751 potissimum
1280 2690 1532 2749 pertinent,
1579 2696 1683 2738 tum
1716 2691 1905 2738 demum

202 2768 397 2829 Epicuri
444 2766 613 2814 laudes
663 2766 875 2813 celebrat
925 2771 972 2812 et
1021 2766 1079 2811 de
1130 2766 1230 2812 eius
1282 2764 1501 2812 doctrina
1550 2766 1599 2812 in
1634 2767 1905 2814 universum

201 2844 346 2890 verba
378 2843 506 2889 facit.

327 2918 497 2978 Itaque
534 2933 603 2974 ea,
640 2917 699 2964 de
734 2932 832 2977 qua
854 2915 1116 2964 Vahlenius
1149 2916 1198 2961 in
1230 2914 1323 2962 fine
1357 2916 1767 2964 commentationis
1790 2931 1904 2963 suae

203 2993 326 3040 dixit
371 2993 622 3049 sententia,
669 2992 952 3053 accipienda
994 2991 1112 3038 mihi
1160 2992 1368 3039 videtur:
1413 2992 1690 3040 Lucretium
1737 2997 1905 3052 postea

202 3069 443 3117 addidisse
476 3087 545 3117 vv.
571 3068 807 3125 62—148,
844 3067 957 3115 olim
992 3069 1156 3114 statim
1181 3074 1291 3129 post
1313 3086 1353 3115 v.
1379 3069 1435 3115 61
1464 3068 1527 3115 ad
1550 3069 1703 3128 ipsam
1725 3067 1903 3115 doctri-

200 3159 310 3191 nam
345 3145 672 3205 exponendam
705 3144 974 3191 accessisse.
