2118 3522
1038 211 1068 258 6

192 357 302 412 post
335 368 375 397 v.
413 351 585 412 11671)
622 355 670 397 et
703 350 758 406 V,
797 350 887 395 170
921 355 970 395 et
1007 350 1091 396 171
1128 354 1238 410 post
1274 349 1364 395 176
1381 348 1420 409 ²)
1461 347 1758 396 collocandos
1791 361 1893 394 esse

191 432 322 474 recte
356 426 585 487 exposuit.
650 424 755 472 Non
799 424 957 472 minus
1000 425 1164 485 probo,
1213 423 1343 485 quod
1374 423 1838 472 Hoerschelmannus
1850 421 1891 485 ³)

192 508 241 548 et
261 500 684 548 Bockemuellerus
705 516 775 545 vv.
799 500 857 556 Π,
892 501 1144 548 456—463
1167 506 1278 561 post
1298 501 1403 546 477v
1417 499 1732 555 collocarunt;
1765 499 1893 545 idem

187 574 625 622 Hoerchelmannus
642 575 683 635 ⁴)
724 591 793 621 vv.
826 574 884 630 Π,
924 575 1172 621 165-183
1205 580 1317 622 ante
1350 591 1391 621 v.
1427 575 1514 621 141
1555 573 1714 621 locum
1755 589 1893 621 suum

188 651 365 698 habere
403 655 533 697 recte
575 650 709 697 vidit.
767 645 1125 711 Sturenburgus
1137 653 1176 709 5)
1213 656 1261 698 et
1291 649 1707 698 Bockemuellerus
1739 666 1809 697 vv.
1854 649 1889 707 I,

187 726 436 773 205-207
481 731 591 786 post
633 725 741 782 214,
785 725 912 773 idem
952 726 1368 774 Bookemuellerus
1409 730 1662 787 praeterea
1705 741 1774 771 vv.
1808 724 1890 783 111,

189 803 281 848 472
329 807 377 848 et
422 802 516 848 473
548 808 658 863 post
700 803 793 849 461
809 803 864 864 ⁶),
916 803 995 859 IV,
1046 804 1294 850 322-361
1330 808 1440 863 post
1472 802 1567 848 266
1583 801 1636 863 ⁷),
1683 801 1762 858 IV,
1798 802 1891 849 365

185 882 295 938 post
335 877 425 924 367
446 877 511 939 ⁸),
564 878 644 935 VI,
699 879 1011 927 1131—1135
1062 885 1171 941 post
1224 879 1342 926 1117
1363 878 1401 941 ⁹)
1454 876 1702 925 collocavit
1746 882 1888 925 recte.

184 952 349 1000 Lotzio
383 968 574 1013 quoque
607 954 965 1001 assentiendum
998 960 1085 1012 est,
1120 955 1248 1016 quod
1281 971 1351 1001 vv.
1384 954 1463 1011 IV,
1500 953 1749 1001 895-*903
1783 968 1891 999 cum

184 1045 225 1075 v.
251 1029 341 1075 888
378 1029 730 1089 conjungendos
765 1045 867 1077 esse
902 1031 1115 1094 dicit10).
1169 1031 1399 1078 Praetera
1429 1045 1524 1077 non
1558 1029 1737 1086 dubito,
1773 1029 1889 1089 qm'n

183 1121 223 1151 v.
256 1103 314 1162 ΙΙ,
351 1104 445 1151 644
477 1109 588 1166 post
619 1122 660 1152 v.
697 1105 785 1152 661
804 1105 865 1168 ¹1)
901 1111 950 1154 et
992 1106 1051 1164 II,
1088 1106 1340 1154 817-825
1386 1109 1496 1166 post
1529 1104 1699 1167 79412)
1744 1102 1888 1151 collo-

183 1180 360 1227 candos
396 1196 498 1228 esse
529 1186 660 1228 recte
694 1181 979 1229 iudicaverit
1011 1183 1278 1243 Briegerus.
1342 1181 1560 1241 Denique
1596 1179 1889 1227 Susemihlus

182 1273 251 1303 vv.
285 1256 343 1313 11,
382 1257 639 1305 973—990
683 1262 794 1319 post
826 1258 1000 1321 93013)
1037 1264 1085 1307 et
1131 1257 1233 1319 [IIL
1264 1256 1538 1319 910—916]
1572 1260 1682 1317 post
1713 1255 1886 1317 92814)

180 1337 313 1379 recte
348 1333 522 1392 posuit.

309 1449 402 1496 Sed
434 1465 542 1496 cum
587 1450 804 1496 nonnulli
837 1450 1050 1498 homines
1083 1452 1214 1499 docti
1257 1452 1307 1497 in
1340 1449 1706 1510 transponendis
1740 1451 1887 1496 versi-

179 1523 269 1571 bus
302 1524 460 1571 minus
509 1530 649 1572 caute
699 1526 908 1586 egerint,
954 1526 1313 1575 innumerabilis
1355 1542 1507 1587 paene
1549 1540 1772 1573 numerus
1815 1530 1887 1573 est

178 1614 412 1656 versuum,
466 1615 671 1660 quorum
703 1605 1017 1662 transpositio
1051 1604 1299 1664 proposita
1340 1603 1415 1649 sit.
1492 1602 1620 1658 Quos
1653 1603 1693 1648 si
1726 1617 1887 1648 omnes

182 1680 457 1732 tractarem,
492 1691 587 1722 non
621 1675 775 1723 solum
807 1677 1135 1726 huiuscemodi
1160 1678 1570 1726 commentationis
1602 1677 1721 1724 fines
1746 1677 1887 1738 longe

181 1751 473 1808 excederem,
520 1752 604 1798 sed
639 1752 784 1799 etiam
830 1754 889 1800 de
922 1754 1085 1802 multis
1119 1754 1264 1801 verba
1296 1753 1516 1801 facienda
1549 1758 1719 1809 essent,
1763 1768 1887 1813 quae

180 1827 454 1874 accuratius
488 1832 700 1876 tractare
735 1844 908 1890 operae
953 1830 1163 1891 pretium
1207 1829 1396 1876 omnino
1440 1844 1533 1876 non
1567 1833 1651 1876 est.
1716 1828 1885 1888 Itaque

177 1906 370 1961 praeter
421 1918 501 1949 eas
551 1920 672 1964 quas
726 1906 1124 1966 transpositiones
1175 1906 1277 1966 ipse
1325 1920 1588 1966 proponam
1635 1903 1886 1952 nonnullos

302 2110 331 2159 1)
361 2111 540 2148 Annales
569 2110 711 2159 philol.
741 2112 820 2150 vol.
850 2114 912 2160 67,
946 2125 1038 2163 pag.
1068 2116 1160 2161 319.
1188 2113 1239 2153 cf.
1269 2114 1443 2153 Pollium
1471 2114 1616 2155 Philol.
1647 2119 1710 2165 26,
1741 2120 1830 2157 327.

300 2175 328 2219 ’3)
358 2175 491 2213 annal.
521 2175 664 2224 philol.
695 2178 757 2220 67,
789 2179 886 2223 3243
922 2177 1031 2216 idem
1060 2178 1296 2217 iudicarunt
1324 2180 1538 2218 Goebelius
1576 2181 1683 2218 obss.
1712 2194 1804 2231 pag.
1832 2184 1882 2221 44

179 2241 219 2277 et
246 2238 406 2286 Munro,
433 2239 516 2278 iam
545 2242 667 2278 antea
693 2239 931 2280 Lambinus.

298 2304 327 2350 3)
354 2304 462 2342 obss.
492 2316 588 2353 pag.
623 2305 695 2351 28;
744 2316 929 2344 assensus
968 2308 1031 2343 est
1059 2305 1268 2355 Brigerus,
1317 2292 1510 2346 Bufsians
1548 2309 1883 2350 Jahresberichte

184 2368 297 2416 1876,
327 2368 377 2415 11,
414 2370 499 2407 167.
1389 2367 1393 2370 ⁵

300 2432 332 2482 4)
360 2432 469 2472 obss.
498 2445 591 2483 pag.
622 2435 669 2471 15
699 2434 947 2473 assentiente
974 2435 1167 2485 Briegero
1199 2436 1220 2472 1.
1252 2448 1285 2473 c.
1315 2449 1407 2485 pag.
1432 2438 1519 2487 184,
1549 2439 1617 2488 qui
1646 2439 1703 2478 ibi
1723 2453 1882 2491 quoque

176 2496 292 2535 uncis
321 2510 425 2548 opus
453 2509 540 2536 esse
567 2497 738 2536 monuit.

299 2561 330 2609 ⁶)
360 2563 467 2600 Acta
497 2574 576 2600 soc.
608 2562 753 2611 philol.
773 2563 882 2611 Lips.
912 2564 964 2610 II,
994 2565 1070 2603 389
1099 2565 1349 2603 assentiente
1378 2565 1545 2614 Brigero
1573 2566 1597 2603 l.
1615 2580 1648 2605 c.
1677 2581 1769 2618 pag.
1794 2571 1879 2609 167.

297 2626 327 2673 θ)
358 2638 546 2666 assensus
575 2629 638 2665 est
667 2626 861 2677 Brigerus
889 2627 915 2666 l.
935 2640 968 2667 c.
1002 2629 1089 2667 168.

304 2692 331 2738 ⁷)
439 2722 460 2739 ΊῚ
593 2720 617 2740 ’9
754 2720 776 2740 97
911 2720 933 2740 ῚῚ
1016 2721 1039 2740 Η

303 2754 333 2804 a)
444 2786 466 2803 Η
603 2785 627 2806 5?
761 2785 785 2806 ’7
917 2784 939 2804 Η
1010 2758 1098 2796 169·

298 2820 328 2867 9)
439 2850 460 2868 Η
594 2850 617 2868 97
752 2850 776 2868 Η
910 2850 931 2868 Η
1003 2822 1089 2859 ¹70¹

283 2883 328 2930 ¹⁰)
362 2883 508 2922 Philol.
540 2885 626 2933 VII,
657 2898 751 2936 pag.
784 2886 860 2923 726
890 2884 942 2923 cf.
971 2884 1268 2932 Susemihlum3
1297 2884 1441 2924 Philol.
1472 2888 1535 2934 33,
1565 2889 1641 2926 443
1671 2889 1764 2927 adn.

282 2947 329 2993 ¹¹)
361 2947 507 2987 Philol.
536 2951 599 2997 25,
629 2951 679 2988 67
708 2949 760 2989 cf.
790 2948 1075 2989 Hoerschelm.
1101 2949 1209 2989 obss.
1238 2962 1332 3000 pag.
1363 2952 1426 2988 21.

284 3011 332 3053 ¹²)
361 3025 398 3049 v.
428 3011 574 3051 Philol.
605 3015 670 3060 25,
699 3016 750 3053 69
779 3026 890 3063 seqq.

282 3075 329 3122 ¹³)
360 3076 505 3114 Philol.
535 3079 598 3124 25,
632 3079 680 3116 74
711 3090 823 3128 seqq.

286 3140 332 3187 ¹⁴)
362 3140 507 3179 Philol.
537 3146 600 3191 27,
629 3146 691 3182 55.
