2118 3522
1068 206 1132 254 24

250 345 363 407 158)
410 344 713 406 perspicuam
758 358 862 390 eam
911 342 1105 403 quidem
1149 358 1252 391 0880
1294 343 1433 401 (11011,
1480 343 1565 391 80(1
1618 360 1658 391 v.
1705 343 1799 391 845
1843 358 1947 404 8(1(1.

248 437 279 468 0
313 437 382 467 vv.
418 419 669 467 841—844
702 418 1019 478 seiungendos
1058 433 1151 465 non
1202 433 1317 466 esse.
1398 418 1572 479 Aptius
1613 419 1719 466 illos
1751 435 1821 466 vv.
1854 420 1950 466 iam

247 501 359 558 post
391 512 430 541 v.
466 495 558 542 840
592 493 815 542 collocari
847 495 1073 554 potuisse.
1140 494 1210 542 Ac
1243 499 1373 542 certe
1418 494 1468 540 in
1501 494 1629 542 hunc
1672 495 1829 543 locum
1871 510 1951 543 eos

248 570 629 631 transponendos
667 584 770 615 0880
802 574 1036 629 putarem,
1071 570 1111 615 si
1146 569 1262 629 quid
1295 569 1386 616 sibi
1418 568 1562 615 vellet
1593 570 1790 616 verbum
1822 571 1952 631 ipse

248 647 311 708 (v.
347 646 461 707 861)
495 645 613 692 satis
657 644 963 705 perspicuum
1005 649 1143 691 esset.
1216 643 1419 704 Propter
1462 642 1592 703 quod
1634 644 1831 692 verbum
1865 659 1951 705 ego

248 721 576 782 proposuerim
610 734 689 766 eos
721 723 832 780 post
864 736 905 766 v.
940 720 1032 767 849
1072 735 1270 781 ponere:
1315 720 1486 767 misere
1521 720 1562 766 si
1603 719 1818 768 futurum
1863 725 1951 777 est,

249 797 325 844 cui
359 795 483 842 male
517 795 734 842 accidere
767 796 932 856 possit,
968 796 1008 842 is
1040 796 1144 857 ipse
1178 811 1279 843 0880
1312 795 1469 852 debet,
1512 808 1606 841 non
1653 794 1806 843 solum
1851 796 1952 843 01118

249 872 436 918 0111111118
469 870 543 917 vel
575 870 763 930 aliquis,
799 872 881 931 qui
916 888 974 918 ex
1007 872 1174 918 eadem
1206 873 1404 919 materie
1437 876 1639 919 constat.

377 945 605 992 Versibus
638 947 708 993 sic
743 946 986 993 collocatis
1020 945 1266 994 offensioni
1301 961 1404 994 esse
1450 961 1546 993 non
1589 950 1763 1007 potest,
1807 945 1951 1005 quod,

250 1038 357 1070 cum
391 1038 431 1068 v.
457 1021 549 1068 848
582 1022 632 1068 in
668 1022 940 1069 universum
973 1022 1154 1069 dictum
1178 1023 1242 1069 sit
1273 1027 1475 1069 mortem
1497 1021 1619 1068 nihil
1642 1021 1705 1068 ad
1735 1036 1821 1067 nos
1843 1037 1953 1082 per-

247 1098 412 1153 tinere,
464 1113 505 1143 v.
541 1096 634 1143 860
667 1111 770 1157 sqq.
806 1097 866 1144 de
911 1098 1050 1145 malis
1083 1103 1272 1145 tantum
1305 1099 1355 1144 in
1378 1103 1531 1145 morte
1552 1097 1777 1144 timendis
1799 1111 1952 1144 sermo

250 1178 347 1239 081;
382 1173 633 1220 Lucretius
668 1173 807 1229 0111111,
843 1174 883 1219 81
917 1175 1178 1233 quaeritur,
1214 1190 1327 1221 num
1375 1179 1485 1234 post
1528 1179 1730 1220 mortem
1772 1173 1955 1233 aliquid

248 1239 387 1296 n't‘Jbis
425 1248 643 1296 accidere
674 1248 840 1309 possit,
876 1249 1041 1296 statim
1074 1249 1134 1296 de
1167 1248 1305 1296 malis
1340 1249 1533 1309 cogitat,
1580 1264 1704 1309 quae
1737 1247 1955 1296 accidere

247 1325 446 1385 possint.

375 1398 483 1454 Res,
519 1413 643 1457 quae
676 1414 746 1445 vv.
780 1398 1029 1445 860—867
1066 1399 1210 1444 animi
1255 1398 1443 1444 ratione
1494 1398 1823 1445 demonstrata
1869 1403 1954 1454 est,

250 1490 290 1520 v.
325 1473 418 1520 850
452 1488 555 1533 sqq.
599 1478 881 1533 argumento
929 1489 987 1519 ex
1027 1488 1117 1520 usu
1150 1478 1199 1520 et
1233 1473 1528 1533 experientia
1559 1473 1809 1535 desumpto
1843 1488 1955 1521 con-

248 1550 483 1606 firmatur,
520 1554 570 1596 et
601 1565 642 1595 v.
667 1549 760 1596 850
796 1549 1012 1596 00(11011111
1043 1548 1248 1596 100110110
1282 1554 1391 1606 „et“
1425 1564 1512 1610 pro
1546 1565 1643 1610 qua
1665 1549 1957 1597 Susemihlus

249 1625 372 1672 Phil.
407 1626 482 1682 27,
517 1625 580 1673 55
614 1625 819 1672 coniecit
852 1630 967 1682 „ut“
1002 1630 1192 1672 retenta
1224 1625 1295 1672 sic
1327 1625 1575 1685 pergitur:
1622 1626 1797 1682 „etiam
1830 1642 1957 1673 nunc

250 1700 371 1748 nihil
406 1700 469 1748 ad
501 1716 586 1748 nos
619 1701 678 1747 de
712 1700 849 1747 nobis
884 1701 1075 1756 attinet,
1110 1705 1254 1747 antea
1286 1701 1369 1760 qui
1402 1700 1622 1747 fuimus.“

880 1823 960 1880 111,
1001 1823 1327 1870 1071—1073.

380 1923 675 1972 Susemihlus
707 1923 828 1970 Phil.
860 1925 936 1980 27,
971 1925 1030 1972 57
1081 1930 1214 1971 recte
1249 1924 1444 1983 exponit
1474 1922 1562 1970 hos
1595 1940 1665 1970 vv.
1700 1924 1820 1972 falso
1852 1925 1956 1973 loco

251 2001 508 2048 collocatos
543 2005 591 2046 et
624 2000 695 2046 ita
729 2000 797 2046 eis
844 2000 1076 2047 utendum
1120 2015 1236 2056 esse,
1279 2004 1335 2045 ut
1377 2013 1569 2045 causam
1610 1998 1826 2057 afferant,
1873 2017 1958 2048 cur

249 2077 398 2123 vitam
433 2076 651 2122 ducendo
685 2076 743 2122 de
778 2081 1002 2123 aeternae
1034 2076 1202 2121 mortis
1234 2080 1449 2134 tem-pore
1482 2073 1603 2120 nihil
1637 2075 1827 2123 demere
1846 2091 1956 2137 pos-

251 2153 412 2199 simus.
478 2150 644 2210 Neque
678 2166 788 2197 vero
820 2156 952 2198 recte
986 2156 1094 2211 post
1127 2167 1167 2197 v.
1206 2152 1328 2198 1092
1361 2166 1441 2198 008
1473 2150 1677 2199 collavit.
1731 2150 1854 2198 Nam
1887 2168 1957 2199 vv.

252 2227 581 2282 1088—1092,
616 2226 701 2285 qui
732 2225 783 2270 in
818 2227 984 2273 eadem
1017 2227 1256 2273 sententia
1287 2232 1539 2273 versantur
1571 2232 1718 2286 atque
1740 2243 1809 2273 vv.
1836 2228 1957 2275 1085

250 2302 437 2349 -1087
454 2338 464 2358 ,
513 2300 840 2348 conclusiones
886 2303 1131 2348 continent
1171 2316 1294 2361 quac
1339 2317 1396 2348 ex
1439 2303 1701 2362 praemisso
1735 2318 1957 2350 versuum

252 2377 566 2425 1085—1087
615 2376 853 2424 deductae
898 2383 1022 2425 sunt.
1101 2377 1271 2437 Itaque
1311 2394 1379 2425 vv.
1417 2378 1732 2426 1071—1073
1777 2394 1882 2426 011111
1916 2395 1956 2426 v.

253 2455 374 2501 1087
413 2453 768 2512 coniungendos
804 2468 907 2500 esse
941 2458 1168 2513 apparet:

380 2527 502 2574 1085
555 2543 665 2574 nec
728 2542 1003 2587 prorsum
1067 2528 1249 2574 vitam
1318 2527 1600 2574 ducendo
1668 2527 1957 2576 demimus

636 2602 818 2650 hilum

549 2684 823 2739 tempore
856 2679 928 2725 de
971 2679 1189 2726 mortis
1223 2694 1326 2726 nec
1366 2678 1639 2727 delibare
1671 2679 1955 2738 valemus,

551 2770 661 2816 quo
716 2757 911 2803 minus
965 2771 1091 2802 esse
1146 2755 1246 2802 diu
1290 2756 1586 2816 possimus
1634 2755 1794 2803 forte
1835 2772 1958 2817 per-

638 2833 835 2892 empti,

384 2907 499 2952 1071
558 2908 847 2967 temporis
911 2907 1143 2953 aeterni
1217 2907 1520 2965 quoniam,
1602 2920 1716 2951 non
1781 2907 1959 2954 unius

636 2981 819 3028 horae

553 3057 881 3117 ambigitur
936 3062 1154 3113 status,
1207 3057 1266 3102 in
1322 3072 1433 3116 quo
1482 3057 1560 3103 sit
1610 3057 1959 3106 mortalibus

635 3147 822 3179 01111118
