2118 3522
1058 223 1157 271 36Δ

237 361 412 417 voluit3
463 377 619 421 neque
668 377 778 408 vero
831 362 932 408 eius
978 361 1250 426 coniectura
1297 360 1328 408 b
1344 376 1369 408 e
1380 377 1411 407 11
1423 361 1440 407 i
1454 360 1548 421 gni
1588 374 1674 421 pro
1720 363 1775 406 et
1806 360 1824 405 i
1833 361 1934 420 gni

237 437 432 498 probari
465 442 636 497 potest.
712 437 765 483 In
812 437 1012 484 urbibus
1062 437 1186 483 enim
1231 436 1489 483 condendis
1534 435 1819 496 arcibusque
1862 434 1932 482 lo-

241 513 405 560 candis
437 512 468 559 b
479 528 504 559 e
516 528 547 558 n
560 513 576 558 i
586 527 616 572 g
627 528 658 558 n
670 512 809 559 itati
821 528 842 559 s
874 528 1042 572 regum
1075 513 1211 572 signa
1243 511 1451 571 conspici
1481 525 1576 557 non
1618 526 1756 571 posse
1803 516 1934 558 recte

238 587 653 635 Bockemuellerus
687 588 888 635 adnotat
901 606 912 643 ;
957 594 1006 635 et
1053 588 1171 634 satis
1204 586 1412 634 dilucide
1444 586 1696 634 Lucretius
1737 603 1777 633 v.
1814 586 1933 633 1107

239 663 429 710 addidit
462 665 729 724 praesidi
745 681 835 711 um
867 665 990 725 ipsi
1040 663 1151 710 sibi
1195 662 1666 723 perfugiumque.
1730 662 1933 708 Persua-

238 756 342 786 sum
374 739 492 785 mihi
527 745 600 786 est
631 740 907 786 Lucretium
940 756 980 786 v.
1019 740 1041 785 1
1052 739 1141 786 104
1175 738 1449 799 scripsisse:

365 820 720 862 commutare
755 816 921 862 novis
954 820 1148 862 monst
1162 814 1381 861 rabant
1412 813 1569 859 rebu'
1603 828 1704 872 rep
1718 828 1743 858 e
1758 813 1872 859 rtis

239 896 288 936 et
320 890 467 936 verba
500 906 525 936 e
535 895 557 936 t
588 890 713 949 igni
748 890 808 936 ab
841 889 1185 951 interpolatore
1218 889 1379 949 aliquo
1425 888 1643 949 profecta
1683 902 1785 934 esse
1797 924 1807 944 ,
1852 888 1935 948 qui

240 966 364 1012 inter
397 981 542 1013 novas
575 965 663 1012 has
694 980 771 1013 res
804 967 862 1026 ig
874 983 904 1011 n
919 982 998 1013 em
1033 980 1221 1025 quoque
1253 964 1399 1012 fuisse
1438 965 1669 1012 adnotare
1699 963 1852 1011 vellet.

877 1153 975 1212 VI,
1037 1152 1299 1200 102—115.

364 1268 448 1314 Vv.
488 1268 748 1323 102—107,
799 1267 973 1327 quibus
1022 1267 1083 1313 de
1127 1272 1302 1313 natura
1341 1265 1538 1312 nubium
1581 1266 1765 1326 agitur,
1807 1266 1936 1314 nullo

237 1343 376 1390 modo
412 1358 519 1389 cum
559 1343 625 1389 eis
673 1343 756 1402 qui
791 1342 1080 1389 antecedunt
1122 1341 1348 1398 versibus,
1400 1342 1632 1397 96—101,
1669 1340 1936 1388 cohaerent.

238 1420 324 1466 His
358 1418 482 1464 enim
515 1417 783 1478 explicatur
816 1417 1051 1477 quomodo
1084 1418 1297 1463 tonitrua
1328 1415 1472 1471 fiant3
1507 1422 1556 1463 et
1587 1416 1783 1463 additur
1811 1417 1936 1463 toni-

238 1501 350 1541 trua
380 1493 483 1539 fieri
518 1492 705 1539 omnino
740 1507 833 1538 non
867 1507 1019 1552 posse,
1055 1493 1096 1539 si
1130 1491 1313 1539 coelum
1334 1507 1552 1539 serenum
1574 1493 1649 1548 sit,
1688 1492 1771 1539 sed
1794 1492 1937 1539 denso

239 1575 430 1616 tantum
474 1567 673 1614 nubium
717 1567 916 1626 agmine.
990 1567 1218 1614 Versibus
1264 1573 1424 1615 autem
1460 1568 1704 1614 102—107
1740 1568 1800 1614 de
1835 1583 1938 1615 cor-

238 1660 386 1706 porea
417 1648 593 1690 natura
625 1642 779 1697 nubis,
825 1642 883 1687 de
927 1643 1027 1688 eius
1067 1643 1266 1688 materie
1311 1648 1359 1689 et
1403 1648 1629 1689 contextu
1661 1642 1912 1688 disseritur
1925 1660 1937 1697 3

240 1725 288 1765 et
322 1718 473 1764 nubes
508 1733 615 1763 cum
648 1715 931 1762 firmissimis
968 1721 1016 1762 et
1050 1717 1340 1764 tenuissimis
1376 1718 1654 1778 corporibus
1689 1716 1937 1764 conferun-

239 1801 332 1841 tur.
409 1793 579 1852 Itaque
622 1807 731 1838 cum
770 1807 839 1836 vv.
884 1792 1099 1837 96--101
1151 1797 1199 1837 et
1236 1808 1306 1837 vv.
1355 1793 1598 1838 102—107
1646 1792 1706 1837 de
1738 1791 1938 1838 diversis

238 1869 382 1914 rebus
415 1871 604 1927 agatur,
641 1880 720 1911 eos
749 1865 991 1925 particula
1022 1870 1350 1926 praeterea
1394 1867 1617 1926 coniungi
1658 1882 1750 1912 non
1799 1882 1938 1926 posse

240 1947 457 2003 apparet.
523 1941 625 1986 Hoc
658 1940 942 1986 vocabulum
975 1955 1033 1985 ex
1066 1940 1160 1986 alio
1193 1941 1335 1987 verbo
1369 1945 1646 2001 corruptum
1680 1956 1782 1989 esse
1813 1942 1937 1989 veri—

241 2016 393 2065 simile
425 2015 476 2062 id
508 2015 701 2076 quidem
733 2030 825 2062 non
856 2020 947 2069 est3
982 2015 1066 2062 sed
1104 2017 1289 2062 etiamsi
1313 2018 1586 2063 coniectura
1609 2016 1939 2077 (Bockemuel-

240 2093 369 2138 lerus
401 2091 570 2136 scribit
602 2090 1061 2154 perterebrans)
1107 2089 1158 2137 id
1191 2090 1441 2139 admovere
1472 2090 1638 2139 liceat:
1680 2107 1758 2139 res
1789 2091 1939 2140 nihilo

241 2167 410 2215 melius
451 2166 683 2227 procedit.
748 2166 871 2213 Nam
915 2167 1101 2212 etiamsi
1142 2182 1236 2212 non
1267 2168 1537 2226 negaverim
1568 2163 1844 2214 Lucretium
1876 2167 1939 2214 ad

242 2244 424 2290 tonitru
472 2240 807 2303 explicandum
856 2240 962 2289 aliis
1009 2241 1249 2290 nonnullis
1293 2242 1508 2290 versibus
1558 2243 1737 2290 additis
1777 2243 1938 2303 aliquo

243 2320 381 2365 modo
426 2317 640 2364 versibus
685 2318 929 2362 102—107
971 2318 1045 2363 uti
1083 2318 1309 2377 potuisse,
1360 2322 1502 2375 certe,
1551 2322 1608 2365 ut
1652 2333 1780 2366 nunc
1811 2323 1937 2377 sunt,

244 2392 361 2454 quid
405 2392 467 2440 ad
510 2391 742 2452 originem
785 2397 833 2439 et
877 2397 1100 2440 naturam
1143 2394 1407 2440 tonitruum
1445 2394 1761 2440 describenda
1811 2394 1939 2440 vale-

245 2475 344 2524 ant,
380 2483 473 2514 non
505 2467 812 2527 intellegitur.
878 2467 1048 2526 Itaque
1078 2469 1194 2526 quin
1227 2468 1346 2514 falso
1368 2467 1472 2514 loco
1504 2468 1671 2515 inserti
1705 2469 1814 2525 sint,
1848 2483 1941 2516 non

244 2543 424 2590 dubito.
489 2542 582 2589 Sed
604 2542 896 2602 priusquam,
932 2542 1014 2589 ubi
1049 2542 1311 2590 collocandi
1334 2544 1452 2599 sint,
1486 2558 1786 2602 quaeramus,
1824 2544 1941 2604 quid

244 2620 304 2665 de
336 2618 550 2664 versibus
585 2618 835 2664 108—115
867 2618 1177 2664 iudicandum
1209 2619 1285 2676 sit,
1319 2618 1574 2666 videamus.

370 2692 465 2740 Eos
499 2708 605 2739 cum
637 2709 706 2740 vv.
744 2694 993 2742 102—106
1026 2696 1248 2755 coniungi
1281 2710 1374 2741 non
1406 2710 1558 2755 posse,
1593 2710 1686 2742 non
1719 2701 1793 2742 est
1813 2697 1942 2756 quod

244 2784 474 2816 moneam.
542 2768 876 2823 Quaerendum
908 2774 1070 2816 autem
1103 2775 1189 2827 est,
1223 2785 1337 2817 num
1367 2770 1527 2831 aliquo
1559 2770 1698 2818 modo
1732 2787 1840 2818 cum
1871 2787 1940 2819 vv.

245 2844 462 2893 96—101
502 2848 551 2890 et
588 2844 833 2891 116—120
869 2851 982 2905 apte
1014 2846 1236 2905 coniungi
1269 2851 1480 2905 possunt.

371 2919 441 2965 Ac
484 2918 692 2978 primum
734 2919 925 2978 quidem
978 2936 1085 2967 cum
1117 2920 1324 2968 tonitrus
1359 2936 1467 2968 cum
1499 2920 1606 2968 aliis
1638 2921 1781 2969 rebus
1815 2936 1941 2969 com-

246 2995 547 3056 parationem
589 2998 638 3040 et
671 2993 1116 3042 determinationem
1146 2996 1367 3052 localem,
1417 3012 1542 3055 quae
1587 3000 1660 3042 est
1702 2996 1752 3041 in
1785 2996 1941 3044 verbis

247 3070 446 3130 patuli
496 3084 677 3129 super
728 3084 993 3129 aequora
1035 3071 1261 3128 mundi,
1316 3072 1614 3128 contineant,
1664 3071 1788 3118 duae
1832 3078 1944 3120 sunt

247 3146 472 3201 rationes,
520 3144 696 3204 quibus
743 3145 784 3191 is
828 3146 1144 3205 coniungendi
1188 3147 1380 3204 modus,
1425 3148 1509 3208 qui
1551 3147 1737 3207 positus
1780 3153 1854 3195 est
1893 3149 1943 3195 in
