2118 3522
1061 221 1092 268 9

229 368 379 411 tatem
411 361 615 422 scriptos
647 375 749 407 esse
783 364 989 406 censent.
1065 358 1135 405 Ac
1175 357 1382 418 primum
1420 355 1615 416 quidem
1647 352 1924 408 Vahlenius,

230 453 375 498 quam
407 441 540 483 arcte
584 449 694 481 cum
737 433 805 480 eis
848 449 971 493 quae
1015 432 1300 480 aetecedunt
1332 430 1632 485 cohaereant,
1677 433 1809 475 recte
1842 427 1925 473 de-

229 511 525 560 monstravit.
591 510 708 557 Tres
739 514 852 557 sunt
884 509 1195 565 condiciones,
1230 523 1351 568 quas
1375 506 1556 573 expleri
1587 510 1731 566 poeta
1763 519 1927 550 neces-

231 588 411 637 sarium
444 601 547 635 esse
578 591 733 649 putat,
767 590 823 634 ut
858 600 1046 634 carmen
1082 599 1221 632 suum
1254 599 1361 631 eam
1394 597 1539 644 quam
1571 581 1674 642 ipse
1697 578 1800 627 vult
1818 577 1929 627 ‘uti-

230 664 417 712 litatem
450 668 499 711 et
529 662 738 711 fructum
770 662 989 710 Memmio
1036 661 1161 707 ferre
1191 660 1366 720 possit:
1410 658 1617 718 primum
1650 662 1705 703 ut
1737 671 1927 702 carmen

231 739 429 787 Veneris
461 738 638 786 auxilio
670 737 924 799 pulchrum
957 742 1005 784 et
1035 736 1248 797 lepidum
1278 734 1366 782 fiat
1399 734 1490 796 (vv.
1528 733 1723 794 1-28);
1757 730 1929 779 deinde

233 821 290 862 ut
321 831 475 875 neque
506 815 609 875 ipse
640 814 689 859 in
721 812 1043 874 componendo
1077 827 1232 872 neque
1273 811 1455 857 amicus
1497 810 1548 855 in
1580 807 1782 869 legendo
1822 821 1927 853 car-

233 891 359 936 mine
388 890 532 937 rebus
565 889 789 935 externis·
804 888 1127 948 impediantur
1160 885 1416 947 (29—43);
1451 885 1658 944 denique
1690 888 1746 929 ut
1778 881 1927 928 Mem-

234 966 358 1013 mius
399 969 638 1013 attentum
683 963 893 1010 animum
944 963 1007 1010 ad
1052 962 1322 1010 doctrinam
1366 976 1503 1008 suam
1543 959 1772 1007 adhibere
1815 956 1931 1004 velit

236 1041 479 1103 (50-ὃὸ).
542 1039 674 1087 Nihil
705 1039 854 1099 igitur
885 1053 1038 1098 usque
1071 1038 1133 1085 ad
1166 1052 1354 1084 versum
1388 1038 1445 1083 61
1493 1035 1795 1083 desideratur
1838 1033 1930 1079 nisi

236 1116 445 1163 Memmii
477 1114 750 1176 appellatio,
786 1129 930 1174 quam
961 1114 1010 1160 111
1031 1129 1169 1160 versu
1211 1113 1272 1160 50
1295 1111 1641 1159 restituendam
1675 1125 1777 1157 esse
1800 1108 1930 1155 Vah-

234 1191 389 1238 lenius
421 1196 551 1237 recte
581 1190 822 1237 indicavit.
876 1189 946 1237 Ac
968 1189 1214 1251 Bernaysii
1247 1189 1534 1248 conjectura,
1571 1187 1654 1246 qui
1679 1200 1766 1246 pro
1801 1184 1931 1232 codi-

238 1282 345 1314 cum
374 1266 599 1313 lectione:

370 1342 526 1402 quod
558 1345 839 1402 superest
871 1346 935 1388 ut
965 1355 1183 1388 vacuas
1219 1340 1390 1388 auris

238 1417 425 1465 scribit:

364 1491 521 1552 quod
571 1497 860 1553 superest
911 1505 1133 1538 vacuas
1188 1490 1357 1536 auris
1403 1489 1785 1548 animumque
1837 1503 1933 1533 sa-

465 1582 495 1626 g
508 1581 666 1614 acem

241 1642 360 1689 satis
409 1643 552 1689 certis
601 1643 894 1703 argumentis
941 1641 1154 1689 refutata
1203 1640 1562 1688 Lachmannum
1607 1644 1799 1687 secutus
1849 1644 1934 1695 est,

242 1718 325 1778 qui
360 1717 654 1777 conjecerat:

368 1793 528 1853 quod
585 1799 874 1855 superest
930 1808 1154 1840 vacuas
1211 1793 1371 1839 auris
1414 1792 1787 1852 animumque
1832 1806 1936 1851 age

466 1868 706 1916 Memmi.

247 1943 459 2004 Cogitari
493 1945 637 1992 etiam
668 1950 829 2005 potest
861 1943 1164 1991 scribendum
1198 1958 1320 1991 esse:

372 2020 527 2079 quod
550 2026 849 2081 superest,
872 2019 1116 2076 Memmi,
1140 2035 1355 2067 vacuas
1370 2021 1533 2067 auris
1549 2021 1939 2080 animumq'ue3

245 2094 441 2143 verbum
473 2096 598 2143 enim
631 2111 699 2157 ag
712 2111 737 2143 e
769 2110 1031 2156 numquam
1077 2095 1207 2156 apud
1248 2095 1525 2144 Lucretium
1567 2096 1807 2144 invenitur
1849 2097 1941 2144 nisi

245 2172 295 2217 in
327 2171 532 2219 formula
562 2188 716 2219 nunc
748 2187 851 2232 age
886 2170 944 2218 cf.
977 2170 1012 2217 Ι.
1044 2171 1153 2228 265,
1196 2172 1313 2227 921;
1356 2171 1412 2218 Π.
1448 2172 1525 2229 62,
1561 2173 1668 2229 333,
1705 2173 1817 2228 73ος
1859 2172 1938 2219 ΙΠ.

245 2249 361 2304 417;
393 2248 470 2295 IV.
506 2249 611 2306 108,
649 2249 752 2306 175,
787 2248 895 2304 267,
932 2247 1037 2304 671,
1074 2248 1186 2302 72ος
1220 2248 1299 2294 VI.
1331 2248 1440 2305 495,
1464 2249 1572 2304 535,
1610 2249 1701 2295 738
1726 2254 1774 2295 et
1795 2249 1941 2295 semel

247 2323 296 2369 in
329 2323 472 2371 verbo
505 2323 748 2384 agedum
778 2322 860 2380 ΙΠ,
896 2323 1011 2378 96ος
1058 2327 1106 2369 et
1149 2322 1278 2382 quod
1323 2324 1373 2369 in
1407 2323 1541 2371 codd·
1573 2328 1684 2370 ante
1728 2339 1940 2371 vacuas

246 2399 423 2458 legitur
453 2404 517 2445 ut
548 2399 763 2445 indicare
794 2398 983 2445 videtur
1014 2412 1109 2443 non
1132 2397 1285 2444 solum
1306 2404 1416 2459 post
1446 2413 1663 2445 vacuas
1692 2399 1777 2445 sed
1799 2400 1944 2445 etiam

249 2479 361 2523 ante
391 2473 483 2523 hoc
516 2473 798 2522 vocabulum
832 2474 1152 2535 corruptelam
1184 2473 1507 2535 quaerendam
1539 2489 1654 2522 esse.

375 2548 513 2597 Nunc
559 2551 599 2596 si
646 2549 709 2596 ad
758 2548 961 2596 alteram
1007 2549 1205 2597 huiusce
1252 2549 1592 2610 disputationis
1635 2555 1824 2611 partem
1856 2566 1942 2598 nos

251 2627 580 2681 convertimus,
628 2624 864 2683 quomodo
912 2641 982 2670 vv.
1014 2626 1199 2671 50—61
1253 2641 1359 2670 cum
1410 2626 1476 2671 eis
1520 2641 1644 2684 quae
1678 2632 1944 2685 sequuntur

246 2700 531 2762 cohereant:
573 2699 827 2759 Briegerus
870 2700 920 2746 in
955 2715 1009 2747 eo
1043 2699 1236 2760 quidem
1275 2713 1367 2747 11011
1401 2704 1531 2747 recte
1574 2700 1763 2748 videtur
1795 2700 1943 2749 offen-

252 2776 401 2833 disse,
436 2776 567 2836 quod
599 2776 746 2822 trium
778 2776 990 2836 partium
1006 2812 1016 2832 ,
1062 2775 1236 2835 quibus
1269 2780 1413 2836 poeta
1451 2776 1725 2823 Memmium
1768 2776 1944 2824 adhor-

251 2857 385 2899 tatur
417 2851 641 2913 (50—61,
677 2851 909 2907 80-101,
947 2851 1237 2912 102—135),
1283 2853 1439 2912 prima
1469 2852 1589 2899 haec
1620 2852 1777 2899 verbis
1809 2853 1945 2900 duci-

252 2931 333 2975 tur
366 2925 515 2987 quod
547 2931 816 2988 superest
849 2932 898 2974 et
931 2926 1337 2975 intercedentibus
1369 2944 1438 2974 vv.
1465 2927 1653 2976 62-79
1688 2945 1718 2977 a
1749 2928 1945 2990 reliquis

253 3002 440 3049 duabus
470 3003 687 3049 seiuncta
718 3007 803 3049 est.
868 3003 967 3049 Eae
1000 3004 1138 3060 enim,
1181 3008 1237 3049 ut
1268 3004 1340 3050 ita
1371 3003 1542 3060 dicam,
1588 3004 1946 3052 adhortationes

253 3076 600 3125 diversissimae
647 3082 771 3126 sunt.
853 3077 955 3136 Illa,
1006 3094 1104 3139 qua
1145 3083 1289 3140 poeta
1333 3078 1560 3139 postulat,
1609 3084 1666 3127 ut
1697 3079 1947 3129 Memmius

254 3158 440 3200 attento
473 3154 630 3200 animo
669 3153 732 3200 ad
777 3153 1044 3201 doctrinam
1087 3170 1222 3201 suam
1264 3154 1552 3202 audiendam
1595 3156 1807 3213 accedat,
1852 3157 1948 3204 iam
