2118 3522
1072 212 1130 259 18

246 350 380 397 Haec
423 352 463 397 si
508 350 719 397 Lucretii
765 350 999 395 sententia
1043 349 1159 405 fuit,
1202 350 1358 395 minus
1400 354 1625 396 accurate
1669 364 1775 396 eum
1806 364 1946 396 versu

248 426 364 472 544:

374 499 617 545 infinita
648 503 840 545 tamen
873 498 990 544 nisi
1025 498 1145 544 erit
1178 499 1263 545 vis
1297 500 1578 547 materiai

248 590 305 621 ea
337 590 461 633 quae
495 574 723 632 cogitavit
755 573 1012 632 protulisse
1054 573 1362 619 iudicandum
1397 580 1492 629 est3
1538 574 1791 620 dicendum
1825 575 1947 621 enim

246 650 406 709 potius
439 653 568 694 erat:
603 648 725 704 „nisi
758 647 1054 707 singulorum
1088 663 1314 708 generum
1346 650 1590 706 materiae,
1627 664 1685 695 ex
1729 663 1826 709 qua
1869 662 1946 695 res

246 730 444 780 constat,
481 723 666 769 infinita
699 729 812 769 sunt
843 724 1149 783 primordia.“
1214 724 1393 770 Versus
1426 730 1587 771 autem
1619 725 1893 771 560—561:

371 800 452 845 sie
484 798 597 845 tibi
631 799 681 845 si
715 798 899 846 finita
932 799 1111 846 semel
1145 799 1474 860 primordia
1509 800 1802 859 quaedam

372 875 701 921 constitues

242 955 291 996 et
322 967 362 996 v.
395 950 485 996 547
520 950 570 994 in
604 948 741 995 codd.
776 949 845 996 sic
877 949 1112 995 traditus:

370 1026 586 1085 quippe
620 1024 839 1071 etenim
871 1029 1105 1071 sumant
1138 1023 1300 1070 oculi
1333 1023 1516 1072 finita
1547 1041 1652 1086 per
1685 1042 1851 1074 omne

244 1102 300 1156 ei,
350 1116 495 1159 quam
542 1100 658 1155 dixi,
708 1102 972 1145 sententiae
1019 1101 1176 1145 minus
1223 1100 1430 1145 obstant.
1511 1101 1614 1147 Illic
1649 1103 1771 1147 enim
1802 1101 1948 1148 verba

243 1175 525 1234 quaedam
558 1175 897 1233 primordia
930 1175 1002 1220 ita
1035 1175 1188 1233 accipi
1222 1181 1438 1234 possunt,
1473 1181 1529 1221 ut
1569 1177 1709 1222 unius
1759 1176 1947 1234 generis

241 1250 505 1310 primordia
545 1248 839 1309 significent3
882 1265 921 1295 v.
958 1254 1120 1296 autem
1152 1250 1262 1307 547,
1308 1265 1416 1297 cum
1450 1256 1703 1312 corruptus
1737 1251 1948 1298 traditus

241 1327 317 1384 sit,
355 1327 425 1374 sic
458 1325 660 1373 fortasse
693 1325 839 1373 scribi
873 1326 1051 1386 possit:

370 1404 595 1462 quippe
631 1402 853 1447 etenim
886 1416 1073 1448 sumas
1107 1401 1390 1461 quaedam
1421 1401 1604 1448 finita
1635 1415 1737 1462 per
1770 1417 1946 1449 omne.

370 1478 463 1525 Sed
495 1478 544 1523 in
579 1492 866 1537 quacunque
911 1493 963 1523 re
1005 1477 1149 1523 huius
1192 1477 1619 1536 argumentationis
1663 1478 1831 1525 vitium
1874 1477 1948 1525 vel

241 1554 396 1599 minus
429 1558 658 1599 accurata
691 1552 903 1599 condicio
935 1553 1095 1612 posita
1127 1557 1213 1608 est,
1261 1557 1390 1598 certe
1430 1567 1652 1599 versuum
1695 1552 1947 1599 541—568

241 1644 474 1674 summam
506 1629 577 1674 sic
612 1627 1013 1687 comprehendere
1046 1642 1323 1687 possumus:
1359 1628 1546 1673 etiamsi
1578 1628 1833 1674 concedam
1866 1643 1948 1687 ge-

239 1704 367 1749 neris
400 1698 650 1749 cuiusdam
683 1717 827 1748 unam
860 1717 961 1747 rem
996 1702 1147 1748 solam
1186 1706 1289 1747 toto
1324 1707 1562 1748 terrarum
1595 1702 1709 1750 orbe
1743 1708 1946 1759 exstare,

240 1783 401 1825 tamen
422 1777 627 1824 cuiusvis
651 1777 837 1837 generis
858 1776 1122 1837 primordia
1144 1775 1330 1824 infinita
1352 1791 1453 1823 esse
1472 1777 1662 1825 debent.
1696 1775 1834 1834 Quod
1859 1777 1947 1824 hos

239 1868 402 1899 versus
438 1853 725 1912 praecedere
759 1853 945 1909 debeat,
998 1851 1139 1899 facile
1186 1857 1258 1898 est
1304 1852 1463 1898 dictu:
1510 1852 1763 1900 Lucretius
1804 1858 1948 1900 antea.

241 1929 515 1988 exposuisse
554 1929 713 1986 debet,
746 1930 886 1975 unius
923 1930 1129 1975 cuiusvis
1163 1929 1349 1987 generis
1381 1942 1541 1974 rerum
1568 1943 1684 1976 cum
1722 1942 1945 1989 permag-

240 2020 328 2051 nus
373 2009 500 2050 esset
541 2016 778 2062 numerus,
824 2004 1031 2051 cuiusvis
1075 2003 1263 2063 generis
1306 2003 1571 2062 primordia
1610 2003 1799 2051 infinita
1832 2019 1946 2050 esse.

240 2080 373 2127 Haec
406 2085 567 2127 autem
611 2081 852 2127 sententia
894 2095 988 2126 non
1030 2085 1136 2126 tota
1177 2079 1305 2125 inest
1346 2079 1395 2123 in
1437 2095 1506 2125 vv.
1542 2078 1819 2136 532-540‚
1862 2074 1948 2125 sed

240 2170 354 2217 pars
402 2160 591 2203 tantum
605 2192 615 2212 ,
666 2170 764 2215 qua
813 2155 1018 2203 cuiusvis
1065 2164 1291 2213 generum
1351 2167 1511 2201 rerum
1559 2153 1798 2215 permulta
1841 2160 1947 2201 esse

242 2230 462 2291 exempla
489 2231 736 2291 probetur.
816 2231 985 2290 Itaque
1028 2236 1139 2277 ante
1183 2247 1222 2276 v.
1256 2230 1349 2276 532
1380 2228 1608 2277 nonnulla
1639 2230 1945 2284 excideruntg

242 2312 390 2367 atque
424 2306 516 2354 hoc
549 2319 605 2353 eo
637 2306 790 2367 magis
818 2305 1105 2353 ‘sumendum
1138 2310 1224 2362 est,
1258 2304 1388 2365 quod
1422 2322 1463 2353 v.
1496 2302 1589 2354 532
1613 2321 1715 2366 sqq.
1739 2303 1946 2352 afferam

240 2389 335 2439 tur,
370 2397 493 2441 quae
527 2382 728 2428 adversa
772 2397 830 2428 ex
874 2386 1015 2441 parte
1061 2381 1237 2440 opponi
1270 2383 1467 2441 possint,
1513 2396 1649 2428 nemo
1689 2386 1851 2431 autem
1884 2379 1947 2425 ad

242 2473 299 2506 ea
348 2471 473 2518 quae
526 2473 583 2504 ex
633 2456 832 2504 adverso
884 2457 981 2504 dici
1026 2456 1211 2517 possint
1243 2456 1501 2505 refutanda
1533 2457 1738 2505 transire
1771 2459 1944 2516 potest,

241 2535 521 2595 priusquam
553 2533 603 2579 id
632 2533 896 2590 contendit,
931 2537 1101 2579 contra
1133 2533 1262 2592 quod
1296 2533 1479 2593 aliquid
1513 2533 1638 2580 obici
1669 2532 1833 2593 possit.

368 2610 604 2656 Versuum
651 2610 857 2669 denique
906 2610 1159 2656 522—528
1212 2615 1545 2667 argumentum
1593 2610 1711 2655 satis
1759 2607 1945 2669 perspi-

241 2700 384 2732 cuum
417 2690 513 2731 est:
549 2686 619 2741 „si
653 2686 884 2732 distantia
915 2684 1175 2731 formarum
1208 2684 1346 2731 finita
1379 2690 1452 2731 est
1483 2691 1531 2732 et
1552 2685 1693 2732 unius
1717 2684 1946 2742 cuiusque

242 2761 428 2820 generis
461 2761 724 2820 primordia
756 2762 903 2808 etiam
936 2759 1074 2806 finita
1108 2765 1233 2816 sunt,
1269 2776 1452 2807 summa
1494 2761 1725 2808 materiae
1759 2757 1948 2804 infinita

241 2841 329 2892 est,
364 2836 530 2895 itaque
564 2851 673 2881 cum
705 2836 939 2882 distantia
972 2836 1231 2883 formarum
1265 2834 1401 2882 finita
1446 2836 1522 2892 sit,
1565 2836 1614 2882 in
1660 2844 1946 2894 unoquoque

241 2927 413 2973 genere
446 2910 634 2959 infinita
667 2927 768 2959 esse
801 2913 1065 2973 primordia
1096 2927 1285 2959 necesse
1319 2916 1406 2959 cst.
1471 2911 1574 2958 Hoc
1607 2916 1768 2958 autem
1802 2923 1945 2970 argu-

240 2995 456 3037 mentum
489 3006 530 3036 v.
567 2989 660 3035 528
695 2988 790 3049 (vel
813 2988 1060 3035 Munronis
1095 2989 1370 3036 coniectura
1402 2992 1604 3049 accepta
1625 3003 1666 3034 v.
1689 2986 1804 3048 531)
1837 2984 1944 3032 fini-

240 3071 346 3112 tum
377 3070 498 3112 est.“
564 3065 735 3124 Itaque
765 3065 956 3110 etiamsi
989 3080 1046 3110 ea
1077 3080 1200 3124 quae
1231 3069 1429 3125 propter
1460 3080 1501 3111 v.
1521 3065 1615 3110 532
1648 3078 1751 3123 sqq.
1784 3077 1947 3110 neces·-

240 3141 370 3188 saria
413 3140 603 3187 videtur
650 3140 902 3197 sententia,
952 3155 1049 3199 qua
1092 3140 1345 3187 Lucretius
1388 3151 1699 3201 permagnum
1742 3150 1849 3185 esse
1897 3138 1947 3184 in
