2118 3522
1016 205 1070 251 17

192 345 277 406 27)
323 344 407 404 qui
448 348 559 404 post
601 359 641 390 V.
685 343 777 391 528
820 359 966 393 unum
1015 358 1203 393 versum
1256 343 1488 391 excidisse
1539 348 1682 404 putat
1723 343 1890 391 huius-

196 421 399 469 cemodi:

384 500 748 557 quapropter
792 496 968 543 simili
1012 511 1162 557 quae
1207 503 1341 544 sunt
1387 495 1653 557 perfecta
1685 496 1890 557 figura.

319 572 388 620 Ut
420 577 603 620 certum
627 571 861 631 judicium
893 572 1017 619 ferre
1060 574 1309 634 possimus,
1350 588 1407 619 ex
1449 587 1502 618 re
1547 573 1639 619 erit
1678 572 1891 632 singulas

194 649 456 696 sententias
499 663 754 708 earumque
796 664 971 696 nexum
1012 649 1126 696 inde
1159 664 1189 697 a
1220 665 1261 696 v.
1294 649 1389 696 522
1422 662 1572 710 usque
1613 648 1676 695 ad
1721 664 1761 695 v.
1796 648 1890 695 568

193 724 467 772 accuratius
499 725 784 771 examinare.

320 800 389 848 Ac
421 801 626 862 primum
657 800 850 861 quidem
882 801 1010 862 quod
1041 801 1104 850 ad
1136 802 1265 863 ipsos
1310 817 1378 848 vv.
1413 798 1663 847 529—531
1700 799 1889 855 attinet,

195 876 341 924 verba
373 892 437 923 ex
469 876 700 923 infinito
734 891 853 933 non,
889 882 944 923 ut
986 877 1157 924 Munro
1203 882 1252 924 et
1282 874 1743 923 Hoerschelmannus
1785 874 1815 920 1.
1852 890 1889 921 c.

194 952 371 1008 volunt,
407 952 466 998 de
498 957 724 1012 tempore,
765 953 850 998 sed
889 953 1047 1012 potius
1092 953 1151 999 de
1185 953 1341 1013 spatio
1374 951 1696 1010 intellegenda
1727 950 1890 997 viden-

195 1032 275 1074 tur
308 1042 421 1075 esse.
485 1027 730 1075 Promittit
761 1027 1010 1076 Lucretius
1059 1044 1112 1076 se
1163 1032 1461 1075 ostenturum
1510 1041 1611 1073 esse
1661 1041 1892 1074 summam

194 1119 355 1150 rerum
388 1105 654 1150 conservari
687 1104 959 1165 primordiis
994 1120 1052 1150 ex
1083 1103 1269 1150 infinito
1292 1104 1449 1163 spatio
1474 1103 1892 1162 suppetidantibus

195 1178 379 1240 protelo
411 1178 663 1240 plagarum
694 1179 904 1240 undique
939 1180 1228 1227 continuato.
1294 1178 1449 1226 Sumit
1477 1177 1626 1238 igitur
1660 1193 1893 1226 summam

196 1254 440 1315 quandam
472 1270 633 1302 rerum
672 1254 858 1303 finitam
903 1271 1027 1311 esse;
1073 1261 1122 1302 et
1163 1255 1291 1303 hanc
1334 1269 1564 1302 summam
1606 1256 1758 1301 teneri
1798 1270 1892 1302 non

196 1345 335 1391 posse
366 1330 692 1378 demonstrare
725 1331 839 1388 vult,
874 1332 966 1378 nisi
1010 1331 1274 1392 primordia
1319 1335 1456 1377 extra
1494 1330 1620 1377 hanc
1663 1344 1894 1378 summam

196 1407 294 1454 sint
324 1404 519 1453 numero
552 1405 754 1464 infinita,
789 1423 912 1467 quae
945 1407 1156 1464 suborta,
1191 1407 1441 1467 quominus
1474 1404 1559 1451 illa
1589 1411 1770 1465 pereat,
1805 1407 1893 1453 im-

196 1481 407 1542 pediant.

324 1556 461 1604 Nunc
493 1557 590 1603 iam
635 1557 699 1604 ad
732 1573 800 1604 vv.
834 1558 1086 1606 532-568
1121 1562 1432 1605 transeamus.
1508 1555 1784 1603 Lucretium
1824 1572 1893 1603 vv.

201 1634 455 1682 541—568
480 1633 814 1686 ,demonstrare
845 1633 964 1682 velle
1008 1633 1071 1682 ad
1109 1649 1253 1681 unam
1301 1647 1402 1679 rem
1448 1630 1705 1679 creandam
1737 1632 1894 1680 cuius-

198 1711 268 1757 vis
290 1710 672 1771 primordiorum,
709 1725 767 1756 ex
800 1711 974 1770 quibus
1007 1726 1064 1757 ea
1097 1725 1174 1757 res
1209 1714 1408 1765 constet,
1443 1709 1628 1768 generis
1660 1707 1896 1757 infinitam

196 1784 552 1832 multitudinem
599 1786 915 1833 necessariam
973 1800 1075 1832 esse
1128 1788 1265 1845 patet
1317 1800 1374 1830 ex
1424 1782 1637 1831 clausula
1684 1800 1753 1830 vv.
1800 1785 1892 1832 567

198 1865 247 1907 et
273 1860 388 1907 568:

324 1949 453 1982 esse
493 1935 684 1994 igitur
726 1949 945 1995 genere
985 1935 1044 1981 in
1087 1935 1294 1994 quovis
1338 1932 1668 1994 primordia
1698 1949 1893 1982 rerum

321 2009 569 2056 infinita
601 2009 794 2070 palam
828 2014 936 2067 est,
971 2010 1119 2057 unde
1154 2010 1347 2057 omnia
1392 2007 1891 2069 suppeditantur.

195 2083 362 2144 Neque
383 2099 494 2132 vero
516 2099 711 2144 prorsus
744 2086 1049 2145 perspicuum
1083 2090 1170 2142 est,
1206 2084 1442 2145 quomodo
1466 2099 1525 2129 ex
1545 2099 1615 2130 vv.
1638 2084 1892 2132 541—566

196 2158 317 2208 haec
359 2158 597 2208 conclusio
631 2159 838 2208 deducta
869 2160 946 2208 sit.
1012 2160 1168 2208 Minus
1202 2164 1430 2209 accurata
1459 2158 1603 2206 huius
1638 2174 1891 2221 argumen-

197 2236 393 2282 tationis
427 2235 633 2282 conditio
666 2236 716 2281 in
748 2235 934 2283 duabus
966 2236 1109 2283 rebus
1143 2236 1302 2296 posita
1337 2250 1438 2281 esse
1471 2239 1643 2295 potest.
1711 2235 1761 2281 Si
1792 2236 1890 2283 Lu-

198 2311 375 2358 cretius
406 2328 476 2358 vv.
509 2310 760 2362 541—566
795 2311 1118 2359 demonstrare
1150 2316 1340 2359 tantum
1361 2309 1510 2358 voluit
1530 2309 1594 2357 ad
1615 2325 1760 2357 unam
1789 2327 1891 2358 rem

197 2386 454 2445 creandam
484 2387 714 2433 materiae
745 2388 931 2447 copiam
962 2386 1196 2433 infinitam
1235 2386 1552 2433 necessariam
1586 2399 1702 2442 esse,
1736 2385 1788 2431 hi
1820 2402 1890 2433 vv.

198 2475 361 2508 eorum
403 2476 527 2521 quae
571 2462 633 2509 ad
667 2462 1014 2510 conclusionem
1056 2477 1277 2509 versuum
1318 2459 1569 2508 567—568
1621 2462 1891 2509 necessaria

199 2540 309 2581 sunt
342 2536 709 2596 praemissorum
740 2553 886 2585 unum
917 2542 1106 2585 tantum
1139 2537 1391 2593 continent,
1440 2535 1645 2582 alterum
1677 2534 1812 2583 deest
1843 2542 1893 2583 et

200 2611 486 2671 cogitatione
510 2612 783 2660 addendum
806 2619 900 2661 est:
934 2628 1141 2673 „genera
1161 2612 1474 2673 primordium
1497 2627 1555 2658 ex
1589 2610 1763 2670 quibus
1795 2628 1892 2660 una

198 2701 275 2734 res
309 2691 529 2735 constant
569 2687 708 2737 finita
751 2693 907 2738 sunt.“
972 2688 1065 2738 Sed
1111 2689 1312 2750 cogitari
1344 2688 1489 2736 etiam
1520 2692 1681 2750 potest
1712 2687 1889 2737 Lucre-

199 2765 322 2811 tium
353 2764 569 2812 versibus
600 2766 854 2813 541—566
904 2767 1069 2814 statim
1113 2766 1436 2812 demonstrare
1480 2764 1682 2812 voluisse
1713 2766 1762 2811 in
1796 2767 1891 2812 sin—

199 2838 324 2899 gulis
373 2839 515 2887 unius
563 2841 634 2888 rei
676 2842 904 2890 materiae
950 2841 1206 2902 generibus
1253 2840 1440 2889 infinita
1485 2855 1586 2888 esse
1618 2841 1891 2902 primordia

200 2915 337 2971 Quod
382 2916 421 2962 si
467 2912 629 2974 voluit,
680 2918 731 2963 in
769 2917 846 2964 his
879 2934 949 2964 vv.
981 2917 1101 2964 haec
1143 2917 1379 2963 sententia
1409 2917 1560 2964 inesse
1603 2917 1770 2965 debet:
1821 2919 1893 2975 „si

199 2992 341 3039 unius
372 2992 444 3039 rei
476 2992 843 3054 primordiorum
876 3008 1102 3053 generum
1134 3008 1283 3040 unum
1303 2990 1493 3040 finitum
1514 2998 1601 3051 est,
1635 2992 1777 3041 huius
1810 3009 1892 3055 ge-

199 3068 327 3113 neris
379 3084 436 3116 ea
478 3083 603 3129 quae
636 3069 699 3119 ad
729 3084 830 3115 rem
875 3069 1129 3116 creandam
1161 3069 1432 3115 necessaria
1474 3074 1587 3115 sunt
1633 3069 1897 3129 primordia

142 3134 146 3136 “
200 3142 445 3191 conciliari
475 3159 568 3193 non
601 3149 814 3205 possunt,
847 3144 1050 3205 ideoque
1081 3160 1159 3193 res
1192 3144 1380 3192 omnino
1415 3144 1567 3192 creari
1598 3159 1694 3192 non
1721 3150 1894 3207 potest.

1524 3236 1548 3273 2
