2118 3522
1079 209 1142 256 28

258 344 341 401 vit,
377 344 573 391 verbum
607 346 942 403 substituatur,
978 347 1107 406 quod
1137 347 1611 407 perpetuitatem
1654 344 1728 391 vel
1761 343 1957 391 conti-

262 420 555 466 nuitatem
589 421 836 481 significet.
905 421 1121 482 Cogitavi
1156 421 1359 469 fortasse
1393 420 1695 469 scribendum
1728 435 1831 467 esse
1863 434 1958 466 se-

259 495 420 552 dula3
454 495 538 543 sed
570 497 742 555 nescio,
776 514 888 545 num
921 513 1116 559 prorsus
1150 499 1192 545 ei
1224 514 1347 558 quae
1388 491 1668 558 requiritur
1694 495 1959 544 sententiae

257 572 539 619 satisfaciat.

993 740 1073 797 IV,
1106 741 1214 788 239.

383 861 628 919 Quomodo
661 878 700 907 v.
734 862 827 908 239
853 879 857 882 ’
883 877 990 908 cum
1031 878 1099 907 vv.
1133 861 1229 907 240
1281 866 1329 907 et
1378 861 1466 908 241
1522 861 1743 921 coniungi
1790 863 1955 922 possit,

258 954 365 985 oum
398 953 533 984 nemo
567 937 726 983 adhuc
758 937 808 982 in
852 952 906 982 eo
948 935 1183 993 haeserit,
1230 935 1315 982 dju
1358 952 1543 983 mecum
1586 937 1828 998 reputavi,
1873 937 1958 984 sed

257 1012 448 1059 frustra.
498 1011 665 1071 Neque
700 1012 825 1058 enim
856 1011 1094 1072 intellego,
1130 1011 1364 1072 quomodo
1389 1012 1483 1059 dici
1516 1011 1669 1074 possit
1690 1027 1851 1060 omnes
1882 1029 1959 1061 res

253 1088 336 1146 ibi,
372 1103 466 1149 quo
490 1087 650 1136 oculos
675 1093 1016 1145 convertamus,
1052 1087 1189 1135 nobis
1212 1104 1445 1148 apparere
1467 1093 1723 1149 propterea
1744 1089 1859 1150 quia
1881 1105 1957 1136 so-

254 1165 313 1211 lis
348 1164 497 1211 oculis
532 1180 724 1211 cernere
766 1164 1014 1225 possimus.
1099 1163 1266 1211 Nonne
1314 1164 1474 1225 potius
1523 1164 1777 1212 dicendum
1827 1171 1956 1213 erat:

257 1240 354 1297 „ibi
388 1245 607 1287 tantum“
643 1240 717 1286 vel
751 1256 840 1296 „ex
874 1255 930 1286 ea
963 1245 1102 1299 parte
1135 1240 1250 1296 sola,
1292 1240 1341 1284 in
1374 1255 1518 1299 quam
1564 1241 1770 1299 speciem
1812 1241 1957 1287 verti-

253 1330 373 1371 mus,
410 1315 548 1361 nobis
580 1330 657 1361 res
691 1315 987 1375 apparent?“
1020 1330 1173 1374 neque
1207 1313 1461 1361 dicendum
1485 1319 1590 1361 erat
1623 1331 1813 1374 „omnes
1849 1321 1957 1363 res“

255 1390 341 1437 sed
374 1390 656 1450 simpliciter
691 1396 842 1447 „res.“
900 1390 941 1436 A
974 1404 1114 1435 versu
1146 1390 1240 1436 238
1275 1390 1438 1436 statim
1474 1389 1535 1436 ad
1569 1406 1608 1435 v.
1632 1390 1728 1437 240
1761 1405 1957 1451 progre-

253 1465 482 1512 diendum
515 1470 616 1512 est:
650 1465 875 1525 quoniam
908 1463 1164 1512 simulacra
1195 1465 1405 1526 undique
1441 1471 1489 1513 et
1519 1466 1568 1512 in
1601 1480 1762 1513 omnes
1794 1471 1958 1527 partes

251 1541 507 1598 iaciuntur,
543 1546 813 1602 propterea,
846 1541 897 1585 in
932 1555 1074 1600 quam
1098 1546 1285 1601 partem
1309 1540 1469 1588 oculos
1493 1541 1821 1599 convertimus,
1856 1557 1956 1589 om-

252 1632 337 1664 nes
371 1633 494 1677 quae
527 1616 596 1664 ibi
630 1621 743 1663 sunt
773 1631 850 1663 res
883 1616 1019 1663 nobis
1052 1622 1313 1678 apparent3
1355 1618 1396 1664 si
1438 1633 1531 1665 non
1575 1618 1786 1678 undique
1828 1618 1955 1666 iace-

250 1698 418 1739 rentur
466 1693 713 1754 imagines,
762 1690 867 1738 fieri
914 1698 1089 1753 posset,
1136 1698 1191 1740 ut
1241 1709 1299 1739 ex
1332 1697 1471 1753 parte
1505 1692 1681 1753 aliqua,
1729 1694 1779 1739 in
1812 1710 1955 1754 quam

252 1770 458 1830 speciem
492 1769 734 1825 vertimus,
769 1768 929 1814 nullae
964 1769 1148 1814 omnino
1182 1784 1258 1815 res
1299 1768 1435 1815 nobis
1480 1774 1791 1829 apparerent3
1833 1775 1882 1816 et
1914 1771 1955 1817 si

251 1859 344 1890 non
378 1845 426 1890 in
461 1859 623 1892 omnes
655 1849 818 1906 partes
851 1843 1109 1891 simulacra
1152 1844 1482 1900 mitterentur,
1528 1843 1633 1891 fieri
1673 1850 1853 1905 posset,
1899 1850 1955 1891 ut

250 1936 327 1967 res
372 1921 420 1966 in
469 1925 632 1980 partes
677 1925 866 1966 tantum
915 1935 946 1966 a
990 1919 1127 1965 nobis
1177 1934 1368 1965 aversas
1414 1919 1669 1966 simulacra
1710 1921 1955 1966 mitterent

249 1996 453 2056 ideoque
497 2011 526 2042 a
565 1994 700 2042 nobis
748 1995 931 2055 percipi
975 2010 1069 2041 non
1108 2000 1315 2056 possent.
1382 1994 1436 2040 V.
1470 1995 1563 2043 239
1597 2000 1764 2057 postea
1796 2011 1826 2042 a
1857 1995 1953 2042 Lu-

252 2072 399 2118 cretio
433 2071 628 2118 additus
662 2087 762 2118 esse
795 2071 997 2126 videtur,
1033 2076 1081 2117 et
1112 2071 1232 2117 haec
1273 2071 1512 2117 sententia
1550 2070 1817 2131 supplenda
1859 2076 1952 2117 est:

250 2161 374 2203 „uno
410 2146 669 2207 eodemque
703 2151 917 2207 tempore
949 2145 1089 2193 unius
1123 2150 1311 2193 tantum
1344 2145 1496 2207 partis
1529 2161 1604 2194 res
1634 2162 1664 2194 a
1685 2145 1822 2194 nobis
1843 2162 1952 2208 per-

251 2223 345 2283 cipi
378 2228 633 2284 possunt;“
666 2222 869 2269 fortasse
903 2228 1013 2283 post
1045 2239 1084 2267 v.
1118 2222 1207 2268 241
1244 2222 1401 2268 locum
1433 2221 1633 2268 habeat:
1963 2215 1967 2218 ’

374 2340 465 2386 237
517 2339 682 2386 Nunc
738 2354 802 2386 ea
857 2355 1008 2399 quae
1064 2339 1196 2386 dico
1251 2354 1445 2385 rerum
1499 2337 1812 2385 simulacra
1864 2338 1952 2385 fe—

633 2421 843 2463 runtur

520 2492 778 2553 undique
846 2497 904 2539 et
968 2493 1021 2538 in
1099 2495 1343 2538 cunctas
1397 2489 1703 2536 iaciuntur
1763 2489 1954 2537 didita

631 2568 857 2629 partis:

374 2663 467 2709 240
519 2669 847 2725 propterea
895 2663 998 2720 fit,
1052 2663 1166 2720 uti,
1203 2661 1458 2723 speciem
1492 2676 1602 2721 quo
1640 2661 1950 2719 vertimus,

631 2756 824 2787 omnes

518 2831 611 2863 res
665 2816 752 2863 ibi
811 2832 930 2862 eam
987 2820 1201 2864 contra
1255 2814 1481 2860 feriant
1529 2812 1717 2860 forma
1770 2818 1950 2874 atque

632 2891 848 2947 colore3

376 2994 470 3040 239
521 2992 732 3051 [verum
778 3006 880 3038 nos
929 2991 1129 3038 oculis
1175 2991 1316 3050 quia
1362 2990 1506 3039 solis
1541 3005 1781 3036 cernere
1813 2990 1949 3051 qui-
