2118 3522
1045 191 1100 238 11

347 331 531 387 Restat,
566 336 622 378 ut
663 345 962 390 quaeramus,
1007 347 1122 378 num
1159 347 1283 379 nova
1313 346 1427 392 pars
1461 331 1723 393 (62—148)
1757 330 1919 391 aliquo

222 406 362 455 modo
395 420 504 454 cum
536 406 692 467 priore
729 406 949 468 coniungi
981 408 1143 468 possit.
1199 407 1336 465 Quod
1357 406 1477 454 bene
1499 405 1604 454 fieri
1626 421 1765 468 posse
1787 411 1917 466 puto.

222 482 439 530 Vidimus
473 497 658 528 omnem
690 480 994 530 offensionem
1025 484 1231 544 positam
1247 522 1249 524 .
1265 498 1367 529 esse
1402 483 1451 527 in
1485 499 1553 528 vv.
1575 483 1777 529 54—61.
1831 481 1918 528 His

221 558 406 605 omissis
438 558 595 605 omnia
639 557 759 605 bene
801 558 1078 618 procedunt.
1151 557 1273 605 Nam
1316 562 1576 618 postquam
1615 573 1645 605 a
1694 557 1917 604 Memmio

220 633 469 681 Lucretius
486 622 669 695 petivit,
704 638 759 680 ut
791 634 1000 682 animum
1023 635 1085 681 ad
1108 649 1303 680 veram
1324 633 1565 680 ratione
1579 648 1627 679 m
1649 632 1915 689 adhiberet,

220 725 455 770 quaenam
486 725 625 757 vera
659 714 782 757 esset
812 710 970 757 ratio
1004 715 1053 756 et
1092 726 1122 756 a
1156 724 1363 770 quonam
1396 707 1625 770 profecta,
1662 708 1916 756 dicendum

221 791 336 833 erat.

344 862 477 919 Quae
510 877 618 910 cum
648 862 719 909 ita
753 863 862 919 sint,
908 861 1201 922 prooemium
1240 859 1512 907 absolutum
1552 859 1674 906 illud
1722 860 1914 920 quidem

219 952 319 985 esse
362 938 447 985 sed
487 943 650 999 partes
696 938 797 984 eius
840 937 1038 984 diversis
1068 935 1363 997 temporibus
1396 935 1614 995 scriptas,
1658 941 1706 983 et
1735 935 1913 983 Lucre-

215 1013 359 1070 tium,
394 1014 435 1060 si
467 1014 570 1074 ipse
615 1028 804 1060 carmen
839 1012 1090 1069 edidisset,
1143 1028 1212 1058 vv.
1247 1012 1431 1058 54-61
1468 1011 1735 1058 deleturum
1767 1011 1913 1058 fuisse

218 1104 396 1135 CODSOO.

891 1208 926 1266 Ι,
968 1209 1231 1255 311—328.

339 1311 394 1357 V.
428 1311 535 1368 326,
570 1326 712 1371 quem
743 1309 997 1370 Briegerus
1028 1309 1150 1357 Phil.
1183 1311 1260 1366 23,
1294 1309 1389 1356 464
1434 1315 1521 1357 aut
1554 1316 1691 1360 extra
1739 1314 1909 1360 carmi-

213 1387 287 1434 nis
321 1387 685 1435 continuitatem
717 1387 951 1447 scriptum
982 1391 1067 1433 aut
1107 1385 1268 1446 aliquo
1311 1385 1450 1433 modo
1501 1389 1909 1449 transponendum

214 1478 316 1510 esse
348 1463 478 1520 dicit,
514 1463 894 1522 Stuerenburgus
927 1462 957 1508 l.
992 1478 1030 1508 c.
1076 1465 1184 1522 pag.
1218 1464 1307 1509 391
1354 1478 1519 1509 rursus
1565 1469 1733 1511 contra
1773 1466 1908 1512 Brie-

212 1539 313 1600 geri
345 1539 661 1599 suspicionem
701 1537 956 1585 defendere
989 1538 1165 1596 studet,
1215 1537 1522 1587 Neumannus
1563 1539 1769 1601 denique
1815 1542 1906 1604 (De

211 1614 449 1675 interpoll.
490 1614 811 1671 Lucretianis,
856 1613 993 1660 Halis
1031 1613 1165 1670 1875,
1211 1629 1319 1674 pag.
1354 1615 1437 1677 47)
1472 1614 1533 1663 ab
1565 1616 1907 1677 interpolatore

211 1690 430 1737 additum
463 1705 565 1736 esse
583 1694 773 1745 censet,
808 1689 987 1736 nullam
1032 1688 1336 1736 offensionem
1369 1690 1581 1750 praebet,
1617 1692 1657 1737 si
1689 1692 1813 1738 solos
1835 1710 1904 1739 vv.

211 1765 460 1814 322—327
496 1765 788 1826 respicimus.
843 1763 965 1811 Nam
999 1765 1039 1810 si
1061 1763 1290 1811 Lambino
1324 1770 1519 1812 auctore
1553 1765 1632 1827 (cf.
1658 1765 1905 1815 Stuerenb.

209 1841 239 1888 1.
274 1841 334 1903 c.)
369 1857 476 1888 eum
509 1856 616 1888 cum
648 1840 834 1887 duobus
867 1840 950 1900 qui
982 1845 1248 1900 sequuntur
1280 1857 1349 1886 vv.
1385 1841 1734 1902 conjungimus,
1782 1843 1903 1891 duae

208 1923 318 1967 sunt
350 1933 569 1966 versuum
601 1917 848 1964 322—-327
884 1921 1065 1977 partes:
1098 1917 1228 1977 prior
1252 1916 1545 1979 (322—324)
1568 1933 1645 1965 res
1667 1919 1899 1979 paulatim

209 1999 487 2050 crescentes,
523 1992 677 2040 altera
719 1992 1013 2054 (325—327)
1059 2007 1136 2038 res
1181 2007 1304 2052 quae
1346 1992 1581 2052 paulatim
1624 1995 1903 2043 minuuntur

207 2074 400 2117 tractat.
432 2069 673 2115 Posterior
695 2083 808 2129 pars
831 2083 996 2115 rursus
1019 2068 1340 2115 subdividitur
1362 2068 1412 2114 in
1435 2069 1556 2116 duas
1578 2075 1755 2129 partes,
1780 2088 1900 2131 qua—

207 2160 314 2192 rum
345 2144 477 2205 prior
509 2143 569 2189 de
602 2143 743 2190 rebus
777 2143 1013 2204 organicis
1046 2170 1106 2176 ——
1143 2148 1273 2190 errat
1295 2142 1602 2191 Neumannus
1624 2144 1901 2206 Briegerum

205 2220 235 2266 l.
272 2235 309 2267 c.
342 2236 411 2266 vv.
445 2219 695 2267 322—325
731 2219 791 2266 de
823 2219 1143 2267 animantibus
1176 2224 1365 2267 tantum
1398 2221 1477 2280 agi
1510 2220 1687 2268 dixisse
1709 2228 1898 2282 putans,

206 2296 329 2343 dixit
367 2295 527 2357 potius
559 2295 620 2342 de
652 2295 889 2356 organicis
917 2295 1010 2356 agi,
1044 2294 1189 2355 idque
1221 2310 1416 2356 prorsus
1449 2300 1603 2352 recte;
1649 2312 1760 2344 nam
1792 2300 1899 2359 quis

203 2387 281 2419 res
314 2370 626 2431 anorganicas
671 2387 816 2428 „aevo
858 2372 1106 2431 macieque
1139 2377 1411 2419 senescere“
1447 2372 1607 2419 dicet?
1642 2379 1769 2420 certe
1802 2374 1897 2421 Lu-

205 2447 382 2494 cretius
414 2463 454 2493 v.
490 2447 582 2494 319
616 2446 845 2494 vocabulo
875 2448 1054 2494 minui
1088 2463 1203 2495 usus
1249 2453 1323 2495 est
1360 2476 1413 2481 -—
1451 2448 1604 2496 altera
1651 2449 1711 2496 de
1756 2451 1898 2498 rebus

154 2564 157 2567 ,
204 2523 506 2582 anorganicis
540 2526 624 2568 est.
680 2522 783 2569 Hoc
815 2539 963 2570 unum
994 2523 1140 2570 alicui
1173 2522 1418 2571 offensioni
1443 2539 1543 2570 esse
1566 2525 1731 2584 possit,
1768 2527 1896 2586 quod

203 2612 425 2645 versuum
457 2597 704 2644 325—327
739 2597 870 2658 prior
902 2599 1138 2646 sententia
1171 2598 1419 2658 generalis,
1453 2598 1608 2646 altera
1641 2601 1895 2661 singularis

204 2679 288 2721 est.
352 2671 488 2719 Hanc
520 2673 941 2720 inconcinnitatem
974 2674 1103 2735 apud
1147 2675 1415 2735 prosarium
1458 2675 1650 2735 quidem
1692 2678 1896 2738 scripto-

201 2764 303 2796 rem
334 2748 722 2808 vituperaremus,
756 2754 928 2808 poetae
960 2765 1083 2806 vero,
1119 2750 1298 2810 quippe
1331 2751 1413 2810 qui
1442 2766 1517 2797 res
1542 2757 1786 2800 concretas
1809 2753 1894 2800 ab-

202 2823 396 2871 stractis
428 2823 685 2883 praeferat,
720 2839 892 2882 magno
925 2825 1039 2870 vitio
1072 2839 1167 2870 non
1199 2831 1448 2873 vertemus.

327 2898 511 2946 Deinde
557 2897 686 2959 quod
735 2896 1043 2946 Neumannus
1092 2899 1368 2947 Lucretium
1415 2917 1483 2947 vv.
1536 2901 1783 2948 322-327
1839 2918 1895 2950 ea

201 2974 600 3036 comprehendere
632 2974 764 3030 dicit,
798 2989 924 3034 quae
955 2979 1099 3022 antea
1130 2975 1327 3035 singulis
1351 2976 1577 3037 exemplis
1600 2976 1893 3025 demonstra-

199 3051 335 3107 verit,
369 3066 533 3098 verum
564 3065 657 3097 non
690 3055 775 3097 est.
838 3049 961 3097 Nam
993 3050 1076 3098 ubi
1109 3056 1219 3098 sunt
1253 3067 1311 3099 ea
1344 3052 1560 3113 exempla
1579 3053 1754 3113 quibus
1788 3069 1891 3101 cor-

199 3141 319 3187 pora
361 3141 391 3173 a
433 3126 578 3174 rebus
609 3125 845 3187 paulatim
877 3127 1199 3174 crescentibus
1233 3133 1434 3188 accepta
1467 3128 1594 3176 cerni
1628 3143 1723 3175 non
1756 3145 1893 3190 posse
