2118 3522
1023 231 1081 279 19

199 368 365 431 quovis
410 382 570 414 rerum
602 382 772 427 genere
819 383 1069 415 numerum
1113 368 1409 415 demonstret
1459 394 1520 402 --
1569 368 1757 414 etiamsi
1805 367 1897 415 hac

200 459 361 492 carere
393 457 650 503 possemus,
695 448 857 490 tamen
899 449 1012 490 ante
1060 460 1100 490 v.
1134 444 1227 491 532
1259 444 1432 491 lacuna
1467 443 1725 490 statuenda
1759 449 1896 489 esset.

197 519 362 579 Neque
397 519 522 565 enim
553 518 647 564 duo
690 524 972 578 argumenta
1014 519 1225 566 eiusdem
1267 519 1446 565 ordinis
1487 518 1726 579 particula
1769 533 1896 565 nam

196 596 324 640 inter
355 608 406 639 se
440 593 661 653 coniungi
691 599 901 653 possunt.
963 593 1094 641 Haec
1125 594 1299 641 lacuna
1330 595 1379 640 in
1412 594 1539 640 hunc
1575 593 1674 640 fere
1704 594 1895 642 modum

198 668 380 730 expleri
411 668 587 729 possit:

321 744 610 790 Praetera
643 759 739 790 cur
772 749 945 792 tanta
977 749 1176 805 potest
1220 745 1307 790 vis
1352 758 1479 790 esse
1520 744 1893 790 animantum

324 820 534 879 quovis
566 820 625 866 in
657 835 869 879 genere
893 825 952 867 et
971 834 1243 867 numerus
1272 835 1450 880 paene
1480 818 1892 865 innumeralis‘?

323 895 396 941 Ex
429 895 509 951 eis,
545 910 667 955 quae
701 895 857 942 adhuc
891 896 1138 956 disputata
1171 900 1305 950 sunt,
1352 894 1655 942 manifestum
1699 896 1791 941 erit
1822 911 1891 941 vv.

195 970 445 1017 529—531
482 984 588 1016 cum
621 971 688 1016 eis
722 985 845 1030 quae
882 976 1146 1031 sequuntur
1178 985 1331 1030 neque
1364 971 1433 1016 sic
1467 975 1522 1016 ut
1564 970 1734 1016 traditi
1779 974 1892 1016 sunt

195 1061 348 1106 neque
397 1060 537 1092 versu
582 1044 940 1093 Neumanniano
987 1050 1231 1106 assumpto
1295 1046 1515 1105 coniungi
1562 1060 1713 1105 posse.
1797 1044 1891 1092 Cur

196 1121 441 1167 Munronis
474 1135 662 1179 quoque
697 1122 970 1167 coniectura
1001 1122 1155 1167 minus
1177 1121 1453 1180 accipienda
1474 1120 1727 1175 videretur,
1756 1120 1890 1166 Brie-

197 1210 338 1256 gerus
369 1194 490 1241 Phil.
514 1195 590 1251 24,
625 1195 718 1242 449
752 1196 983 1255 exposuit.
1047 1195 1139 1242 Sed
1173 1194 1314 1241 aliter
1346 1200 1492 1254 atque
1525 1194 1777 1253 Briegerus
1808 1210 1890 1240 ex-

196 1269 378 1331 plicare
421 1269 574 1327 velim,
627 1270 861 1330 quomodo
906 1270 957 1317 111
1004 1286 1074 1317 vv.
1119 1271 1170 1316 in
1208 1269 1337 1316 hunc
1380 1269 1536 1316 locum
1577 1271 1890 1330 pervenerint.

195 1346 318 1394 Nam
362 1346 492 1407 quod
535 1361 614 1394 eos
646 1345 849 1394 fortasse
890 1362 920 1394 a
957 1346 1179 1395 Lucretio
1224 1345 1287 1393 ad
1318 1345 1354 1402 I,
1402 1345 1494 1393 953
1542 1361 1645 1406 sqq.
1690 1347 1891 1406 margini

195 1422 463 1482 adscriptos
496 1421 641 1468 fuisse
688 1426 737 1468 et
784 1437 898 1469 casu
940 1421 1101 1482 aliquo
1141 1421 1235 1468 huc
1279 1421 1526 1482 irrepsisse
1568 1426 1728 1482 putat,
1775 1423 1891 1469 satis

194 1498 245 1544 id
278 1497 531 1544 verisimile
563 1512 658 1545 non
692 1502 777 1545 est.
840 1497 963 1545 Nam
995 1513 1229 1554 versuum,
1278 1497 1359 1557 qui
1406 1502 1506 1543 tam
1551 1496 1691 1556 longe
1731 1512 1765 1544 a
1805 1512 1890 1545 suo

194 1573 297 1620 loco
331 1572 670 1629 aberraverint,
707 1573 823 1632 quin
858 1573 1003 1621 etiam
1034 1572 1085 1618 in
1099 1572 1324 1622 alienum
1366 1572 1543 1619 librum
1574 1573 1887 1632 pervenerint,

194 1647 378 1694 nullum
399 1646 533 1694 aliud
555 1648 687 1707 apud
708 1648 984 1713 Lucretium
1007 1647 1275 1707 exemplum
1297 1652 1480 1702 exstat3
1513 1652 1765 1707 praeterea
1783 1663 1891 1696 cum

194 1737 300 1769 eam
331 1737 454 1781 quae
487 1727 597 1768 ante
629 1739 670 1768 v.
703 1724 797 1770 532
829 1723 1085 1770 statuenda
1120 1727 1194 1769 est
1224 1722 1447 1769 lacunam
1490 1736 1520 1768 a
1551 1721 1774 1769 Lucretio
1807 1738 1889 1769 ex-

191 1797 372 1858 pletam
402 1796 547 1843 fuisse
573 1797 885 1857 judicandum
931 1800 1008 1856 sit,
1052 1815 1145 1846 non
1189 1797 1485 1856 intellegitur
1499 1833 1509 1853 ,
1554 1812 1653 1857 qua
1686 1813 1739 1844 re
1782 1799 1891 1858 quis

190 1877 433 1934 permotus
466 1887 568 1920 esse
599 1874 763 1934 possit,
799 1879 855 1922 ut
887 1874 974 1923 hos
1004 1891 1073 1922 vv.
1096 1875 1147 1920 in
1178 1873 1305 1920 hunc
1336 1871 1494 1920 locum
1518 1872 1739 1921 deferret.
1797 1873 1890 1923 Sed

191 1964 298 1996 cum
328 1949 377 1994 in
408 1948 530 1995 libro
563 1948 586 1994 I
621 1977 681 1982 —
714 1955 770 1996 ut
804 1951 968 1996 statim
1001 1964 1235 2010 exponam
1268 1975 1327 1980 —-
1360 1948 1536 1994 lacuna
1559 1954 1728 2006 exstet,
1766 1966 1889 2010 quae

193 2040 250 2071 ex
283 2028 420 2084 parte
452 2023 527 2069 his
559 2040 629 2070 vv.
664 2024 843 2084 expleri
874 2039 1013 2085 posse
1044 2024 1285 2078 videatur3
1322 2039 1429 2069 011111
1463 2029 1716 2083 praeterea
1748 2025 1889 2073 facile

189 2099 294 2146 fieri
325 2099 549 2159 potuerit,
584 2104 639 2145 ut
670 2099 985 2159 interpolator
1017 2099 1214 2158 quidam
1239 2099 1332 2145 hos
1365 2115 1436 2146 vv.
1467 2100 1671 2158 margini
1704 2101 1887 2148 adscri-

185 2174 323 2222 beret
365 2189 420 2221 eo
456 2172 665 2231 consilio,
696 2179 764 2231 ut,
799 2190 940 2234 quem
971 2174 1129 2221 locum
1169 2173 1421 2221 Lucretius
1456 2174 1611 2221 verbis
1644 2174 1702 2221 id
1733 2176 1887 2236 quod

190 2265 300 2296 non
334 2265 459 2296 esse
491 2250 733 2310 probavi
766 2255 877 2296 ante
911 2250 1071 2296 oculos
1114 2250 1374 2305 habuisset,
1417 2249 1735 2309 significarem
1779 2266 1887 2298 cum

191 2325 393 2386 denique
425 2325 562 2374 valde
593 2324 847 2373 verisimile
879 2326 943 2373 sit
976 2342 1033 2374 ea
1060 2340 1183 2386 quae
1217 2330 1329 2372 ante
1363 2341 1402 2371 v.
1424 2325 1519 2373 532
1553 2324 1886 2375 desiderantur

191 2400 421 2447 excidisse
462 2401 676 2448 versibus
721 2401 895 2461 spuriis
938 2400 1283 2461 irrepentibus:
1326 2415 1607 2460 persuasum
1652 2401 1769 2448 mihi
1813 2408 1886 2449 est

189 2493 257 2524 vv.
292 2477 537 2525 529-531
573 2477 664 2525 hoc
695 2477 799 2524 1000
832 2477 892 2525 ab
925 2477 1267 2537 interpolatore
1299 2476 1539 2537 profectos
1573 2492 1690 2525 esse.

316 2552 362 2600 Is
395 2558 555 2601 autem
585 2552 717 2601 locus
748 2552 859 2601 libri
892 2552 927 2611 I,
963 2568 1057 2614 quo
1092 2567 1171 2600 eos
1203 2568 1233 2600 a
1273 2552 1496 2600 Lucretio
1532 2554 1736 2614 scriptos
1782 2571 1883 2604 esse

189 2633 320 2689 puto,
353 2629 480 2676 inter
511 2645 550 2675 v.
590 2630 710 2676 1013
744 2634 793 2676 et
824 2645 865 2675 v.
902 2629 1026 2676 1014
1059 2634 1145 2686 est,
1178 2628 1261 2676 ubi
1292 2627 1515 2674 lacunam
1552 2635 1744 2677 exstare
1786 2632 1883 2679 iam

187 2704 271 2752 diu
298 2704 544 2764 *cognitum
578 2710 662 2751 est.
726 2704 1187 2753 Hoerschelmannus
1219 2704 1342 2751 obss.
1377 2703 1458 2750 alt.
1498 2703 1617 2752 1877
1664 2722 1773 2767 pag.
1819 2709 1882 2756 20

183 2795 286 2840 sqq.
331 2781 674 2828 demonstravit
719 2781 994 2828 Lucretium
1034 2797 1074 2827 v.
1112 2781 1233 2826 1012
1267 2780 1329 2827 ad
1362 2780 1690 2839 quaestionem
1720 2782 1881 2843 biper-

186 2855 328 2903 titam
359 2856 601 2914 transisse,
637 2856 772 2903 cuius
804 2857 962 2917 priore
994 2861 1146 2918 parte,
1181 2856 1222 2903 si
1266 2853 1454 2902 infinita
1485 2860 1610 2903 esset
1641 2859 1879 2917 materies,

186 2930 324 2978 inane
355 2930 542 2979 finitum
575 2946 675 2979 esse
708 2947 803 2979 non
836 2947 987 2993 posse,
1023 2932 1174 2980 altera
1213 2936 1366 2993 parte,
1410 2931 1451 2978 si
1484 2932 1693 2992 spatium
1724 2934 1880 2982 infini-

186 3011 291 3054 tum
336 3013 475 3066 esset,
527 3008 776 3056 materiem
822 3007 1009 3058 finitam
1056 3024 1158 3057 esse
1200 3023 1295 3056 non
1342 3023 1481 3070 posse
1519 3007 1880 3060 demonstraret.

186 3081 323 3128 Prior
355 3099 468 3143 pars
501 3089 605 3130 tota
640 3090 689 3131 et
721 3085 919 3132 alterius
950 3086 1104 3145 partis
1148 3085 1336 3130 initium
1365 3084 1723 3131 interciderunt.
1786 3086 1882 3134 Pu-

184 3157 386 3204 taverim
430 3164 591 3207 autem
635 3160 911 3209 Lucretium
951 3160 1043 3209 hac
1089 3160 1243 3209 altera
1285 3164 1423 3222 parte
1465 3174 1559 3206 non
1603 3160 1885 3223 simpliciter

1482 3252 1505 3288 2
1518 3249 1538 3272 *
