2118 3522
1067 202 1127 250 32

248 344 463 393 muelleri
508 344 567 391 de
609 344 676 391 eis
723 343 962 390 sententia
975 341 1013 404 1)
1062 340 1250 388 duabus
1296 341 1530 401 imprimis
1575 345 1719 392 rebus
1757 345 1943 400 nititur,

247 423 453 483 primum
485 419 615 480 quod
649 418 865 465 codicum
897 417 1150 464 lectionem
1182 431 1210 463 0
1219 432 1266 463 111
1275 432 1306 462 11
1318 432 1343 463 0
1376 416 1438 480 (v.
1472 418 1602 483 318),
1645 436 1792 483 quam
1832 419 1944 468 reli-

249 499 331 558 qui
364 512 524 544 omnes
566 495 773 542 editores
817 495 866 539 in
899 509 936 540 -0
947 510 991 541 111
1005 511 1037 540 11
1047 510 1071 540 0
1084 510 1130 540 111
1175 498 1493 551 mutaverunt,
1540 498 1728 554 retinet,
1772 496 1946 543 deinde
1980 484 1985 486 Δ

249 573 377 633 quod
408 571 500 619 hac
532 569 903 631 interpungendi
934 570 1120 617 ratione
1154 584 1268 617 usus
1302 575 1397 616 est:

376 648 418 692 D
434 647 642 705 enique
683 648 795 693 iam
834 651 1007 692 tuere
1037 646 1070 691 h
1084 661 1169 692 oc:
1204 646 1421 692 circum
1453 661 1754 708 supraque
1787 646 1941 707 quod

503 736 629 770 omn
643 737 667 769 e

377 799 646 844 continet
669 797 937 857 amplexu
959 801 1082 842 terr
1096 811 1201 853 am,
1234 797 1282 843 si
1304 803 1592 857 procreat
1615 814 1679 846 ex
1710 814 1732 846 s
1746 815 1771 846 e
1795 804 1884 847 etc.

250 875 344 923 Sed
376 874 496 921 haec
528 874 895 934 interpungendi
928 873 1052 918 ratio
1087 872 1209 919 falsa
1242 879 1315 919 est
1345 880 1602 935 propterea
1625 875 1753 935 quod
1783 880 1805 920 t
1814 890 1846 921 u
1856 889 1914 920 er
1923 889 1949 919 e

250 949 523 1010 significare
554 964 649 995 non
683 953 868 1009 potest:
902 953 957 994 te
971 964 1092 995 cum
1125 965 1149 994 r
1163 964 1226 1009 ep
1240 954 1342 996 uta
1383 949 1456 996 vel
1491 950 1690 997 consid
1703 937 1821 1007 era,
1866 948 1950 996 sed

250 1025 514 1085 significat:
549 1026 798 1072 animum
832 1039 970 1071 conv
983 1030 1110 1071 erte
1143 1025 1200 1070 in
1234 1024 1307 1072 vel
1342 1040 1448 1086 asp
1464 1027 1516 1073 ic
1530 1042 1567 1073 e.
1643 1026 1770 1074 Vera
1802 1026 1951 1086 igitur

249 1101 620 1162 interpungendi
653 1101 777 1148 ratio
811 1101 930 1148 haec
963 1105 1058 1146 est:

377 1177 643 1236 Denique
676 1178 785 1222 iam
818 1181 992 1222 tuere
1024 1175 1155 1233 hoc,
1202 1177 1419 1223 circum
1464 1191 1761 1237 supraque
1795 1165 1950 1236 quod

508 1251 706 1313 (omne)

380 1326 652 1373 continet
694 1325 967 1387 amplexu
999 1330 1243 1372 terram:
1278 1327 1324 1372 si
1357 1333 1641 1387 procreat
1676 1343 1743 1374 ex
1778 1343 1836 1374 se
1860 1331 1949 1374 etc.

252 1417 435 1462 Deinde
468 1430 564 1461 non
596 1429 760 1461 omne
793 1415 877 1461 sed
910 1429 1127 1460 omnem
1167 1414 1471 1460 scribendum
1520 1429 1621 1461 esse
1657 1415 1954 1461 demonstrat

252 1491 448 1538 Pacuvii
481 1489 615 1537 locus
650 1489 753 1552 (86)
804 1505 834 1536 a
867 1489 1100 1536 Munrone
1134 1490 1197 1536 ad
1228 1490 1354 1537 hunc
1385 1490 1543 1538 locum
1574 1489 1763 1547 allatus,
1813 1505 1955 1550 quem

253 1566 506 1614 Lucretius
537 1566 588 1611 in
622 1565 975 1613 conscribendis
1007 1565 1220 1614 versibus
1242 1565 1493 1613 318—323
1527 1570 1639 1614 ante
1672 1565 1833 1614 oculos
1865 1565 1954 1614 ha-

252 1643 360 1689 buit
396 1647 444 1688 et
476 1642 655 1701 partim
687 1641 971 1688 verbotenus
1004 1642 1228 1688 reddidit.
1293 1641 1366 1688 Ibi
1401 1642 1525 1688 enim
1555 1641 1675 1689 haec
1707 1632 1954 1702 leguntur:

253 1717 376 1764 Hoc
409 1716 568 1773 vide,
606 1716 827 1763 circum
870 1731 1167 1776 supraque
1213 1717 1363 1777 quod
1408 1717 1711 1778 complexu
1762 1716 1953 1764 conti-

254 1797 357 1838 net
390 1791 630 1838 Terram
664 1828 674 1837 .
710 1828 720 1838 .
756 1828 766 1838 .
841 1791 905 1839 Id
937 1792 1091 1852 quod
1121 1793 1314 1839 nostri
1348 1783 1576 1840 caelum
1609 1797 1955 1851 memorant,

256 1868 395 1916 Grai
445 1866 757 1929 perhibent
799 1867 1070 1915 aethera:
1117 1868 1425 1929 Quidquid
1465 1874 1551 1915 est
1581 1867 1713 1927 hoc,
1759 1868 1958 1917 omnia

257 1945 479 1991 animat
512 1943 732 1990 format
768 1941 876 1989 alit
910 1949 1096 2004 auget
1140 1949 1302 1991 creat
1348 1943 1574 2004 Sepelit
1616 1943 1957 2006 recipitque

256 2020 318 2065 in
352 2034 483 2065 sese
527 2018 741 2075 omnia,
798 2019 1169 2079 omniumque
1220 2018 1372 2066 idem
1419 2024 1506 2066 est
1550 2024 1751 2085 pater,
1800 2017 1957 2075 Indi-

258 2095 503 2154 demque
557 2092 762 2140 eadem
817 2096 1009 2155 aeque*
1042 2095 1335 2142 oriuntur
1389 2093 1455 2141 de
1499 2095 1735 2156 integro
1781 2084 1958 2156 atque

258 2170 457 2217 eodem
491 2168 783 2217 occidunt.
848 2170 922 2217 Ex
953 2170 1029 2217 his
1064 2176 1266 2232 apparet
1297 2170 1574 2218 Lucretium
1612 2169 1794 2218 verbis:
1841 2168 1959 2218 cir-

260 2263 390 2294 cum
425 2261 732 2306 supraque
765 2246 918 2305 quod
952 2261 1172 2293 omnem
1205 2247 1477 2293 continet
1517 2245 1789 2308 amplexu
1833 2250 1958 2304 ter,-

258 2336 400 2379 ram‚
433 2320 556 2367 nihil
589 2321 721 2369 aliud
753 2321 1024 2383 significare
1056 2322 1258 2381 voluisse
1292 2338 1437 2382 quam
1468 2325 1629 2379 aera,
1670 2336 1764 2383 quo
1807 2312 1959 2369 totam

258 2405 438 2446 terram
471 2397 815 2445 circumdatam
849 2413 950 2445 esse
984 2400 1130 2446 etiam
1162 2398 1376 2446 versibus
1408 2397 1499 2445 537
1536 2402 1584 2443 et
1616 2396 1710 2445 538
1742 2396 1882 2444 dicit:

391 2490 455 2520 ex
478 2474 721 2519 ineunte
744 2488 881 2520 aevo
906 2475 1283 2522 coniunctam
1316 2479 1494 2533 atque
1528 2473 1730 2520 uniter
1762 2477 1961 2533 aptam

386 2548 669 2609 partibus
703 2549 893 2595 aeriis
926 2549 1143 2607 mundi,
1180 2549 1400 2611 quibus
1434 2548 1617 2595 insita
1648 2547 1811 2595 vivit.

262 2623 428 2685 Neque
460 2639 569 2671 vero
601 2625 652 2671 in
684 2641 751 2672 vv.
786 2625 1037 2673 318—323
1069 2627 1386 2683 inveniuntur,
1429 2641 1487 2672 ex
1527 2624 1701 2686 quibus
1746 2623 1962 2673 concludi

370 2822 400 2872 1)
428 2821 539 2870 „Fiir
567 2821 813 2872 diejenigen‚
841 2821 995 2861 welche
1026 2821 1116 2860 eine
1134 2821 1365 2871 Zerlegung
1392 2834 1560 2860 unserer
1578 2821 1691 2859 Welt
1716 2821 1757 2858 in
1785 2821 1852 2860 die
1878 2822 1965 2860 vier

265 2886 572 2936 besprochenen
600 2886 988 2935 Elementarkbrper
1019 2886 1137 2924 nicht
1165 2886 1378 2934 statuiren,
1425 2886 1603 2925 sondern
1643 2880 1722 2925 nur
1746 2898 1829 2927 von
1855 2885 1965 2929 Etde

263 2951 350 2991 und
381 2951 514 2990 einem
541 2950 854 2990 umfliessenden
883 2952 951 2990 All
970 2951 1179 3001 sprec-hen,
1207 2952 1262 2989 ist
1289 2952 1363 2990 der
1382 2951 1535 2989 Beweis
1562 2951 1604 2990 in
1632 2951 1964 3002 gleicherWeise

266 3016 462 3064 bindend,
502 3016 556 3055 da
593 3016 659 3053 ein
688 3016 917 3054 Austausch
956 3016 1028 3054 der
1066 3015 1223 3067 Korper
1259 3015 1460 3054 zwischen
1504 3015 1570 3054 All
1606 3015 1689 3055 und
1719 3015 1828 3056 Erde
1861 3008 1964 3056 auch

265 3082 371 3121 nach
410 3081 523 3121 ihrer
550 3081 748 3131 Meinung
790 3081 1040 3129 stattfindet,
1084 3082 1168 3119 und
1209 3081 1339 3119 damit
1376 3081 1451 3118 der
1488 3080 1763 3120 Stoffwechsel
1806 3084 1964 3121 consta-

264 3145 341 3185 tirt
363 3146 455 3185 ist.“
