2118 3522
1046 270 1107 318 35

231 403 584 461 demonstravit,
617 405 916 453 nativitatem
958 406 1058 454 eius
1091 406 1385 454 demonstrat
1416 423 1456 454 v.
1489 406 1754 454 257—261.
1819 406 1916 454 Ita-

230 489 325 538 qu'e
355 478 448 525 hoc
481 485 812 538 argumentum
843 480 1030 529 finitum
1062 497 1165 529 esse
1194 498 1348 542 neque
1390 483 1565 529 iterum
1599 482 1661 528 de
1702 481 1916 529 mortali-

229 557 333 601 tate
370 558 527 600 terrae
570 556 648 614 agi
687 572 825 616 posse
873 562 1086 618 apparet.
1170 557 1303 604 Alius
1343 562 1503 604 autem
1551 556 1683 604 locus
1731 557 1813 604 ubi
1845 573 1915 603 vv.

228 628 477 675 306—317
514 629 735 678 collocari
768 632 964 692 possint,
998 646 1091 678 non
1125 636 1306 687 exstat3
1351 632 1515 691 itaque
1547 631 1803 678 admodum
1835 646 1915 679 ve-

226 703 423 750 risimile
454 705 641 753 videtur
672 706 945 754 Lucretium
977 712 1144 768 postea
1175 721 1345 753 novum
1374 712 1704 767 argumentum
1737 707 1914 753 addere

226 778 441 834 voluisse,
478 782 611 828 cuius
644 781 860 829 ultimam
891 782 942 828 hi
974 799 1042 829 vv.
1076 786 1263 843 partem
1307 783 1614 829 continerent.
1692 782 1794 829 Hoc
1836 796 1915 828 ar-

226 860 503 915 gumentum
536 857 763 904 eiusmodi
795 857 1010 904 futurum
1043 858 1189 905 fuisse
1223 858 1372 904 conici
1403 857 1530 914 licet,
1577 863 1633 904 ut
1663 857 1914 904 Lucretius

227 945 285 977 ex
320 931 528 978 omnium
571 947 690 991 quas
735 932 966 979 cernimus
1008 932 1321 993 singularium
1363 947 1522 978 rerum
1567 933 1820 979 nativitate
1867 936 1915 979 et

225 1005 516 1053 mortalitate
560 1008 787 1055 mundum
826 1008 1075 1054 mortalem
1119 1014 1168 1054 et
1207 1008 1418 1054 nativum
1461 1022 1562 1054 esse
1596 1006 1911 1054 concluderet.

225 1080 383 1127 Simile
426 1082 618 1140 quidem
658 1082 749 1129 hoc
792 1087 1122 1141 argumentum
1170 1083 1270 1128 eius
1315 1086 1438 1127 esset
1480 1082 1607 1140 quod
1652 1081 1911 1141 praecedit,

223 1170 376 1214 neque
409 1160 570 1202 tamen
603 1155 741 1201 idem.

350 1228 488 1276 Nunc
520 1231 560 1276 si
592 1230 813 1286 breviter,
863 1230 923 1276 de
957 1246 1027 1276 vv.
1067 1230 1318 1277 261-325
1362 1245 1484 1290 quae
1519 1229 1745 1286 sentiam,
1783 1245 1909 1277 com-

221 1306 516 1366 prehendere
560 1305 695 1362 licet,
745 1305 832 1352 tali
875 1306 1014 1353 modo
1055 1306 1341 1352 sententiam
1372 1320 1526 1352 meam
1559 1304 1844 1364 significem:
1877 1305 1912 1351 Ι.

220 1380 274 1427 A.
315 1381 591 1435 251—2603
631 1380 683 1426 B.
727 1381 979 1427 273—280
1007 1405 1058 1422 =
1086 1381 1405 1440 [318—323];
1450 1380 1496 1427 C.
1538 1380 1813 1434 261—2723
1855 1380 1912 1426 D.

220 1455 495 1509 281—3053
544 1455 601 1501 Π.
634 1454 687 1501 A.
722 1460 771 1502 et
801 1455 882 1501 B.:
930 1455 1105 1503 lacuna
1149 1471 1179 1502 a
1216 1455 1440 1502 Lucretio
1486 1469 1578 1502 non
1624 1454 1828 1513 expleta,
1864 1453 1911 1500 C.

219 1530 481 1577 306-317.

855 1637 911 1711 V,
950 1654 1274 1700 1089-1102.

344 1752 578 1800 Versuum
625 1754 936 1801 1089-1138
975 1759 1085 1815 post
1126 1770 1166 1800 v.
1205 1754 1324 1800 1025
1370 1752 1726 1800 collocationem
1767 1770 1910 1814 quam

214 1827 627 1876 Bockemuellerus
649 1829 898 1889 proposuit
914 1828 1083 1876 falsam
1111 1844 1212 1875 esse
1235 1828 1488 1888 Briegerus
1522 1828 1759 1889 (Bursian.
1787 1830 1907 1877 1876

214 1903 283 1960 11,
343 1904 455 1965 169)
508 1908 639 1950 recte
686 1903 881 1950 monuit.
976 1903 1069 1951 Sed
1116 1903 1499 1950 Bockemuellero
1533 1903 1813 1959 assentirer,
1865 1905 1905 1950 si

213 1993 376 2024 versus
408 1983 597 2024 tantum
632 1978 942 2024 1089—1102
992 1979 1376 2037 transposuisset.
1460 1977 1581 2023 Nam
1614 1993 1903 2037 quamquam

212 2057 322 2114 post
353 2069 393 2099 v.
422 2051 550 2105 1025
584 2052 781 2099 carmini
815 2052 1036 2099 continuo
1069 2067 1162 2098 non
1194 2052 1310 2098 satis
1350 2056 1463 2113 apte
1505 2051 1725 2098 videntur
1756 2052 1902 2099 inseri

211 2142 361 2188 posse,
397 2132 568 2182 tamen,
603 2127 719 2186 quin
752 2142 782 2173 a
813 2126 1034 2174 Lucretio
1075 2126 1186 2173 huic
1226 2126 1329 2173 loco
1371 2126 1599 2173 destinati
1641 2127 1756 2181 sint,
1805 2142 1899 2173 non

211 2202 389 2251 dubito.
454 2200 619 2260 Neque
653 2200 777 2246 enim
812 2201 965 2256 credo,
1001 2201 1129 2260 quod
1151 2201 1449 2247 Purmannus
1480 2206 1685 2260 quaestt.
1749 2201 1897 2248 Laub.

209 2276 268 2332 Π,
306 2276 363 2323 18
398 2276 610 2322 evincere
642 2274 849 2322 studuit:
882 2275 1156 2322 Lucretium
1189 2281 1301 2336 apte
1334 2280 1443 2335 post
1480 2291 1550 2321 vv.
1588 2276 1897 2323 1026-—1088

209 2351 272 2400 ad
302 2352 461 2411 ignem
492 2367 561 2397 vv.
599 2351 719 2398 1009
754 2356 802 2397 et
827 2352 949 2399 1013
983 2355 1395 2399 commemoratum
1426 2351 1612 2397 reverti.
1667 2351 1724 2397 Ei
1753 2367 1897 2411 quam

208 2441 420 2488 propono
451 2426 809 2487 transpositioni
842 2426 1031 2474 obstare
1063 2426 1262 2483 videtur,
1297 2425 1424 2487 quod
1456 2426 1505 2472 in
1540 2425 1674 2473 codd.
1707 2443 1747 2473 v.
1776 2427 1897 2474 1104

206 2501 383 2562 legitur
416 2501 592 2549 rebus
627 2507 683 2548 et
714 2502 838 2561 igni
869 2502 1070 2562 ideoque
1102 2502 1352 2550 Lucretius
1383 2503 1572 2561 ignem
1618 2501 1710 2548 hoc
1758 2517 1895 2548 versu

209 2576 368 2636 aliquo
416 2577 556 2624 modo
607 2591 993 2624 commemorasse
1041 2582 1089 2623 et
1138 2577 1206 2623 sic
1250 2593 1289 2622 v.
1337 2578 1456 2624 1103
1505 2592 1636 2636 seqq.
1689 2592 1795 2624 cum
1827 2594 1895 2624 vv.

211 2651 424 2697 1089-1
436 2653 521 2697 102
572 2653 870 2700 coniunxisse
902 2652 1103 2699 videtur.
1170 2651 1261 2699 Sed
1292 2667 1446 2711 neque
1490 2652 1618 2711 quod
1664 2652 1897 2700 traditum

208 2729 282 2771 est
313 2730 362 2771 et
393 2725 522 2784 igni
554 2742 710 2786 neque
754 2728 883 2787 quod
925 2726 1178 2774 Goebelius
1219 2743 1297 2787 qu.
1337 2742 1444 2787 pag.
1479 2727 1541 2773 26
1582 2727 1784 2773 coniecit
1825 2728 1896 2774 ab

205 2799 332 2858 igni
364 2799 479 2846 ferri
512 2806 684 2861 potest.
760 2803 1012 2851 Lucretius
1054 2803 1177 2850 enim
1209 2819 1279 2849 vv.
1317 2802 1627 2849 1103—1105
1661 2803 1898 2850 sententia

206 2875 414 2935 generali
447 2876 658 2936 singulas
690 2893 768 2926 res
801 2878 1172 2940 comprehendit,
1221 2894 1341 2939 quas
1373 2895 1414 2925 v.
1450 2878 1573 2925 1106
1606 2893 1735 2942 seqq.
1768 2883 1897 2927 trac-

204 2954 396 2998 taturus
429 2956 525 3006 est3
558 2967 714 3012 neque
746 2968 857 3000 vero
889 2955 1184 3016 intellegitur
1199 2991 1209 3011 ,
1252 2955 1337 3015 qui
1368 2955 1492 3014 ignis
1525 2954 1741 3013 cognitus
1784 2970 1898 3002 usus

204 3025 268 3072 ad
300 3040 382 3071 eas
414 3041 537 3085 quae
568 3043 609 3073 v.
647 3028 768 3074 1106
801 3043 933 3089 seqq.
967 3030 1232 3078 afferuntur
1274 3044 1352 3076 res
1383 3029 1711 3085 inveniendas,
1756 3045 1896 3089 prae-

204 3100 369 3146 sertim
400 3092 464 3147 ad
497 3116 720 3160 agrorum
753 3108 803 3149 et
833 3105 1021 3163 pecoris
1054 3105 1294 3152 dividendi
1316 3106 1647 3158 inventionem,
1684 3103 1897 3151 contule-

203 3173 280 3222 rit.
346 3173 649 3225 Lachmanno
682 3178 832 3238 igitur
864 3181 1219 3229 assentiendum
1250 3186 1336 3238 est,
1372 3180 1501 3241 quod
1523 3179 1647 3239 igni
1680 3195 1897 3228 amovere
