2118 3522
1070 200 1134 248 26

375 340 510 396 Quae
544 355 652 386 cum
683 339 755 386 ita
786 338 896 395 sint,
931 353 1212 399 persuasum
1254 337 1372 384 mihi
1406 342 1479 384 est
1511 352 1675 385 versus
1711 337 1770 384 68
1805 341 1853 384 81
1885 337 1946 385 69

245 414 365 462 falso
400 414 501 461 loco
534 414 714 475 positos
748 428 874 468 esse;
908 413 1131 459 videntur
1166 428 1273 459 cum
1304 429 1373 459 vv.
1410 414 1596 461 61-62
1632 412 1946 474 coniungendi

246 496 295 538 et
321 491 457 538 uncis
489 489 766 537 includendi
803 504 928 536 esse:

371 567 427 614 61
465 581 613 627 quae
662 566 938 626 quoniam
993 563 1174 621 fiunt,
1232 565 1433 613 tenius
1477 580 1719 626 quoque
1767 565 1946 613 debet

582 643 782 701 imago

465 717 534 765 ab
567 717 744 764 rebus
777 718 939 764 mitti
973 732 1188 764 summo
1223 716 1289 763 de
1324 731 1575 777 corpore
1609 732 1825 773 rerum,

370 794 429 840 68
466 795 547 853 [et
578 793 763 840 multo
799 794 984 840 citius
1019 798 1243 852 quanto
1275 793 1470 838 minus
1502 792 1849 852 indupediri

465 884 659 931 pauca
692 874 920 929 queunt
953 874 1012 917 81
1045 884 1197 930 quae
1230 873 1370 916 sunt
1411 868 1596 930 prima
1628 867 1825 915 fronte
1857 867 1942 916 lo-

582 947 748 1007 cata]

928 1068 1008 1124 IV,
1055 1068 1256 1116 85—87.

238 1171 323 1217 Vv.
358 1171 566 1217 85—87:

365 1252 500 1293 sunt
534 1246 721 1306 igitur
751 1245 866 1290 iam
898 1244 1222 1290 formarum
1256 1244 1520 1305 vestigia
1553 1251 1720 1293 certa

363 1340 515 1383 quae
549 1321 715 1381 volgo
749 1320 1005 1368 volitant
1037 1321 1257 1381 suptili
1291 1322 1563 1381 praedita
1595 1322 1702 1369 filo

363 1415 469 1447 nec
503 1396 867 1458 singillatim
898 1401 1156 1458 possunt
1189 1402 1427 1445 secreta
1459 1397 1661 1456 videri,

236 1481 347 1521 ante
380 1492 420 1520 v.
455 1476 515 1520 82
551 1473 811 1521 collocandi
845 1478 969 1518 sunt.
1034 1473 1245 1519 Mimime
1280 1474 1405 1519 enim
1426 1474 1650 1534 Epicurei
1682 1490 1740 1521 ea
1773 1481 1941 1521 certa

238 1550 398 1597 dicere
432 1549 601 1607 solent,
635 1565 759 1610 quae
791 1564 925 1595 mera
960 1547 1261 1596 conclusione
1293 1550 1584 1598 invenerunt.
1648 1550 1818 1611 Itaque
1849 1549 1941 1598 hoc

234 1626 340 1674 1000
374 1642 468 1674 11011
501 1626 708 1673 cuiusvis
739 1625 811 1672 rei
842 1624 1073 1683 imagines
1107 1629 1310 1672 certae
1344 1626 1439 1673 dici
1472 1631 1684 1687 possunt,
1719 1626 1803 1673 sed
1837 1624 1939 1673 effi·

235 1703 337 1763 gies
370 1707 572 1757 tantum,
609 1717 667 1748 ex
701 1701 876 1760 quibus
912 1699 1039 1746 color
1073 1716 1103 1746 a
1136 1700 1252 1747 velis
1283 1702 1454 1748 missus
1488 1707 1719 1750 constant.
1799 1701 1939 1750 Hunc

235 1779 359 1838 enim
394 1776 543 1824 oculis
577 1776 823 1823 cernimus.
873 1775 1130 1821 Praeterea
1163 1777 1350 1822 omnino
1383 1792 1476 1824 non
1508 1777 1816 1836 intellegitur,
1854 1793 1938 1824 cur

234 1853 325 1901 hoc
356 1852 460 1899 loco
496 1851 703 1899 cuiusvis
736 1851 806 1897 rei
839 1851 1069 1911 imagines
1101 1850 1382 1912 singillatim
1415 1852 1543 1899 cerni
1576 1869 1670 1901 non
1703 1868 1841 1914 posse
1863 1853 1937 1899 di·-

235 1934 427 1982 cantur3
461 1941 657 1987 prorsus
691 1927 815 1972 enim
848 1926 898 1972 in
930 1926 1076 1972 dubio
1109 1927 1409 1987 relinquitur,
1445 1933 1608 1975 utrum
1629 1928 1936 1988 quemadmo-

232 2005 346 2050 dum
379 2003 549 2050 coloris
581 2002 883 2048 membranae
929 2002 998 2048 sic
1044 2002 1188 2048 etiam
1239 2002 1449 2049 omnium
1495 2019 1656 2050 rerum
1705 2004 1935 2063 imagines

233 2081 376 2127 certis
407 2078 696 2138 quibusdam
728 2077 1084 2124 condicionibus
1117 2078 1300 2138 percipi
1323 2079 1509 2138 possint
1540 2095 1701 2126 1180118.
1759 2078 1937 2126 Contra

231 2156 272 2202 si
312 2171 382 2201 vv.
426 2153 611 2200 85—87
662 2153 721 2198 dc
772 2153 942 2199 coloris
987 2168 1017 2199 a
1059 2153 1176 2200 velis
1224 2153 1356 2200 missi
1402 2154 1691 2201 membranis
1736 2153 1935 2213 singulis

230 2232 404 2291 agitur,
440 2230 599 2276 omnia
630 2228 887 2289 perspicua
919 2234 1042 2275 sunt.
1109 2229 1323 2276 Colorem
1357 2230 1480 2276 enim
1511 2230 1561 2276 in
1594 2229 1798 2277 theatris
1831 2245 1932 2277 cer-

230 2307 400 2363 nimus,
434 2303 645 2366 singulas
679 2305 780 2350 eius
812 2304 1113 2351 membranas
1146 2320 1241 2352 non
1276 2306 1602 2367 conspicimus.

972 2430 1052 2488 IV,
1091 2431 1193 2478 187.

293 2534 493 2580 Versum
528 2533 615 2579 187
651 2532 736 2592 qui
769 2532 819 2577 in
861 2531 995 2578 codd.
1027 2537 1137 2593 post
1169 2549 1208 2578 v.
1242 2534 1337 2579 200
1369 2533 1567 2592 legitur:

356 2611 450 2657 200
485 2625 586 2669 per
619 2613 811 2655 totum
847 2607 1001 2654 caeli
1035 2609 1300 2669 spatium
1341 2608 1686 2656 diffundere
1718 2624 1846 2656 sese

362 2686 449 2733 187
486 2699 710 2745 perque
769 2683 975 2730 volare
1022 2699 1176 2730 mare
1227 2699 1292 2730 80
1340 2688 1540 2731 181188
1587 2684 1932 2745 caelumque

479 2761 682 2820 rigare

227 2837 425 2884 alterius
459 2836 748 2883 recensionis
781 2850 883 2882 esse
918 2839 967 2880 et
998 2834 1135 2881 uncis
1159 2849 1260 2881 esse
1281 2834 1633 2892 includendum‚
1666 2835 1931 2890 Susemihlo

227 2912 417 2975 (Philol.
452 2913 530 2969 29,
564 2910 681 2973 438)
731 2925 927 2971 prorsus
975 2910 1222 2958 assentior.
1305 2910 1558 2960 Lucretius
1604 2926 1658 2961 eo
1701 2916 1930 2974 tempore,

227 3006 322 3052 quo
356 2990 550 3049 scripsit
582 2987 637 3044 V,
671 2988 790 3034 593:

354 3064 511 3124 quod
542 3064 729 3111 maria
759 3078 827 3110 80
859 3067 1057 3110 181188
1080 3062 1270 3110 01111118
1296 3061 1640 3122 caelumque
1663 3062 1928 3122 rigando,

230 3155 337 3186 cum
369 3139 512 3187 huius
543 3139 636 3186 loci
672 3139 715 3186 ei
746 3138 795 3184 111
830 3143 1038 3184 mentem
1070 3138 1290 3193 venisset,
1326 3152 1434 3184 eum
1466 3136 1709 3190 addidisse
1741 3139 1930 3193 videtur
