2118 3522
1040 244 1102 290 33

223 367 386 424 possit,
419 366 693 414 Lucretium
724 366 800 413 his
833 384 902 414 vv.
936 368 996 414 de
1029 370 1267 416 sententia
1301 384 1464 416 eorum
1496 386 1650 430 agere,
1692 372 1775 430 qui
1821 386 1914 417 non

223 441 348 489 sicut
378 442 480 503 ipse
514 447 666 491 totum
700 442 926 491 mundum
966 444 1016 492 in
1062 449 1289 506 quattuor
1328 444 1414 493 illa
1451 446 1659 495 maxima
1702 446 1915 495 membra

223 517 307 570 sed
338 518 388 563 in
419 518 540 566 duas
572 524 760 566 tantum
801 525 963 580 partes
1005 521 1214 567 dividere
1254 522 1414 572 velint.
1490 523 1583 570 Sed
1628 524 1669 569 si
1705 539 1811 570 cum
1844 540 1914 569 vv.

221 592 473 641 272—280
505 593 592 642 hos
624 610 786 643 versus
819 610 1158 656 comparamuS,
1195 612 1273 644 eos
1314 598 1433 646 nihil
1478 599 1719 646 continere
1763 614 1913 659 appa-

221 672 297 714 ret
329 683 473 727 quam
506 669 706 717 alteram
736 670 923 718 illorum
954 672 1286 719 recensionem.
1351 673 1473 721 Nam
1506 673 1634 734 quod
1665 673 1733 720 ibi
1767 688 1910 733 expo-

222 743 367 800 nitur,
403 746 731 806 quodcumque
763 747 823 793 de
855 747 997 794 rebus
1029 746 1161 804 fluat,
1195 748 1246 794 id
1276 742 1326 795 in
1356 751 1480 797 ae‘ris
1524 765 1747 809 magnum
1779 765 1909 796 mare

223 816 336 865 ferri
370 823 419 866 et
450 823 563 868 aera
594 837 757 870 rursus
791 837 990 883 corpora
1021 822 1163 870 rebus
1184 825 1462 882 retribuere,
1497 827 1611 872 aera
1631 825 1779 884 igitur
1802 840 1911 885 per-

222 899 365 953 petuo
398 896 528 955 gigni
562 898 620 944 de
652 898 793 944 rebus
826 904 874 943 et
906 899 955 943 in
988 913 1063 944 res
1104 899 1336 955 recidere,
1381 901 1506 946 idem
1550 901 1641 947 hoc
1679 901 1782 947 loco
1829 916 1899 946 ex·

222 969 445 1029 primitur
477 972 655 1021 verbis:
701 974 749 1020 si
793 979 1082 1035 procreat
1126 990 1194 1021 ex
1238 990 1295 1021 se
1338 976 1528 1022 omnia
1572 976 1912 1036 recipitque

222 1055 535 1110 perempta.
602 1049 751 1096 Omne
785 1049 913 1110 quod
946 1051 1071 1097 inter
1103 1050 1208 1097 illos
1241 1055 1289 1097 et
1318 1050 1406 1098 hos
1438 1066 1598 1098 versus
1622 1057 1779 1099 exstat
1812 1052 1910 1098 dis-

223 1125 413 1182 crimen,
447 1126 558 1171 inde
601 1130 790 1171 tantum
829 1131 985 1171 ortum
1020 1130 1104 1181 est,
1139 1126 1266 1184 quod
1310 1126 1557 1173 Lucretius
1589 1129 1638 1173 in
1670 1128 1764 1174 illis
1798 1143 1910 1175 con-

222 1199 483 1246 scribendis
516 1214 601 1246 suo
636 1200 787 1259 magis
818 1199 1006 1259 ingenio
1040 1204 1089 1245 et
1122 1214 1208 1246 sua
1248 1205 1351 1246 arte
1385 1215 1498 1246 usus
1543 1207 1636 1257 est3
1676 1217 1782 1249 cum
1822 1202 1909 1249 hos

222 1274 437 1334 scripsit,
484 1275 546 1321 ad
590 1274 783 1321 Pacuvii
818 1275 981 1327 {verbis
1025 1275 1182 1333 quod
1226 1275 1459 1334 quidam
1493 1283 1809 1324 memorant
1842 1279 1909 1324 ci-

222 1349 313 1396 tati
345 1349 492 1397 verba
523 1350 795 1398 accuratius
828 1365 878 1396 se
911 1348 1180 1410 applicavit.

347 1424 485 1471 Nunc
530 1426 571 1471 si
619 1425 890 1484 quaerimus
904 1461 914 1481 ,
962 1438 1195 1483 quaenam
1242 1426 1451 1471 recensio
1499 1426 1628 1485 prior
1676 1442 1909 1486 quaenam

224 1500 460 1559 posterior
494 1501 582 1547 sit:
615 1499 751 1547 valde
784 1499 1036 1546 verisimile
1071 1503 1143 1546 est
1176 1513 1254 1545 eos
1287 1515 1378 1555 vm,
1420 1500 1468 1545 in
1508 1501 1679 1560 quibus
1721 1517 1910 1563 compo-

222 1574 391 1621 nendis
423 1575 673 1624 Lucretius
706 1577 803 1624 suis
834 1574 1014 1623 viribus
1048 1575 1246 1631 steterit,
1280 1575 1555 1622 recentioris
1588 1577 1762 1624 aetatis
1796 1592 1910 1625 esse.

220 1649 389 1710 Itaque
431 1651 706 1698 Lucretium
744 1652 795 1696 in
839 1650 1009 1697 ultima
1063 1651 1283 1697 carminis
1325 1652 1592 1697 recensione
1625 1668 1786 1700 versus
1818 1654 1910 1699 318

222 1726 378 1772 —323
410 1726 677 1774 deleturum
709 1725 854 1773 fuisse
885 1725 1194 1773 iudicandum
1225 1730 1309 1772 est.

346 1801 521 1850 Utrum
552 1802 603 1848 in
634 1800 832 1862 reliquis
865 1816 1054 1862 quoque
1085 1800 1225 1848 huius
1248 1802 1668 1861 argumentationis
1688 1803 1907 1864 partibus

221 1877 508 1936 (251-260,
542 1878 808 1934 260-271,
843 1878 1112 1938 282—305)
1147 1878 1372 1925 nonnulla
1405 1878 1599 1925 alterius
1621 1880 1907 1926 recensionis

220 1952 317 1999 sint
351 1958 399 2000 et
430 1954 480 1999 in
514 1953 728 2010 aliorum,
770 1968 893 2013 quae
934 1953 1070 2000 nobis
1115 1959 1303 2000 servata
1335 1969 1429 2000 non
1463 1954 1570 2010 sint,
1604 1953 1759 2000 locum
1793 1953 1905 2000 sub-

220 2028 409 2084 stituta,
446 2028 709 2076 diiudicare
740 2043 835 2075 non
866 2043 1114 2088 possumus
1128 2046 1140 2083 ;
1186 2027 1270 2075 sed
1300 2026 1501 2075 fortasse
1540 2027 1677 2074 nobis
1720 2029 1905 2075 contin-

219 2108 314 2163 get,
347 2108 403 2150 ut
433 2119 595 2151 verum
628 2103 799 2152 harum
832 2104 1037 2165 partium
1073 2103 1283 2150 ordinem
1313 2103 1616 2151 inveniamus

343 2181 617 2229 Lucretium
649 2181 698 2227 in
730 2181 889 2241 priore
920 2180 1190 2227 recensione
1223 2194 1340 2236 eam,
1387 2195 1510 2239 quae
1544 2179 1602 2226 de
1635 2181 1745 2227 aere
1788 2181 1903 2241 agit,

217 2262 404 2317 partem
448 2257 616 2304 ultimo
665 2256 769 2303 loco
801 2270 976 2316 ponere
1007 2254 1233 2312 voluisse,
1287 2270 1345 2301 ex
1383 2254 1622 2315 particula
1653 2254 1904 2316 denique

218 2331 280 2392 (v.
304 2333 417 2393 318)
453 2332 603 2380 conici
635 2331 771 2386 licet3
806 2330 890 2377 sed
923 2346 1028 2378 cum
1062 2347 1101 2377 v.
1123 2331 1215 2377 273
1238 2329 1330 2377 alio
1355 2330 1491 2376 modo
1523 2330 1779 2377 transitum
1813 2331 1903 2379 sibi

216 2408 470 2467 paraverit,
504 2424 611 2455 eum
642 2408 692 2453 in
725 2407 876 2454 altera
895 2406 1155 2453 recensioni
1189 2406 1246 2463 ei,
1282 2420 1403 2465 quae
1437 2405 1496 2452 de
1525 2407 1634 2452 acre
1657 2411 1742 2462 est,
1776 2408 1905 2467 parti

216 2483 361 2530 alium
391 2483 547 2531 locum
581 2483 792 2530 tribuere
824 2481 1024 2529 voluisse
1055 2481 1360 2528 iudicandum
1395 2486 1479 2527 est.
1525 2480 1609 2527 Vv.
1641 2481 1789 2540 igitur
1810 2483 1904 2529 273

215 2559 373 2606 —280
405 2563 491 2606 aut
522 2559 605 2607 ubi
636 2573 762 2606 nunc
793 2556 1015 2618 leguntur
1048 2561 1132 2604 aut
1175 2561 1285 2617 post
1316 2572 1356 2602 v.
1400 2556 1493 2602 260
1533 2556 1738 2616 ponendi
1779 2562 1901 2604 sunt.

214 2633 339 2681 Illud
371 2640 626 2696 propterea
659 2635 813 2681 minus
846 2633 967 2680 bene
999 2631 1067 2690 fit,
1103 2632 1230 2693 quod
1265 2647 1333 2689 ea,
1378 2647 1501 2692 quae
1534 2631 1592 2678 de
1625 2647 1809 2689 umore,
1855 2639 1904 2680 et

215 2725 285 2766 ea,
319 2726 443 2771 quae
464 2711 523 2758 de
545 2711 644 2770 igni
668 2715 752 2766 est,
776 2725 889 2771 pars
911 2707 1368 2769 quodammodo.sibi
1390 2706 1702 2767 respondent3
1737 2724 1901 2767 quem-

214 2785 472 2833 admodum
514 2787 637 2833 enim
691 2784 789 2832 illic
844 2800 986 2831 novo
1029 2799 1252 2844 semper
1290 2797 1453 2829 umore
1489 2782 1661 2840 fontes,
1706 2782 1903 2831 flumina

214 2860 479 2918 abundare,
526 2861 690 2908 eodem
731 2860 869 2907 modo
909 2859 989 2907 hic
1032 2859 1222 2905 luminis
1262 2858 1439 2904 fontem
1483 2864 1628 2904 novo
1672 2873 1901 2919 semper

213 2936 419 2984 candore
454 2936 636 2985 caelum
668 2936 826 2996 rigare
859 2936 1137 2996 exponitur3
1182 2934 1351 2981 deinde
1393 2939 1597 2994 utroque
1634 2933 1737 2981 loco
1772 2936 1901 2995 pari-

211 3013 287 3056 ter
319 3013 552 3073 pergitur,
586 3029 626 3059 v.
659 3012 774 3060 264:

336 3088 437 3133 sed
470 3089 718 3148 primum
751 3086 1043 3148 quicquid
1076 3086 1252 3145 aquai

211 3158 457 3209 tollitur
