2118 3522
1009 199 1067 246 15

321 343 414 390 Suo
437 342 540 386 iure
563 339 944 398 Stuerenburgus
966 339 1015 384 in
1047 339 1204 385 verbis
1238 342 1437 384 cetera
1470 337 1882 384 dissoluantur

188 418 397 469 offendit.
470 414 652 463 Eadem
684 413 828 463 verba
859 412 1243 463 Bockemuellero
1277 428 1467 475 quoque
1500 410 1747 460 offensioni
1781 411 1883 459 fue-

186 500 324 549 runt3
358 492 443 539 sed
476 491 604 551 quod
637 490 824 537 scribit:
859 496 1056 537 cetera
1089 489 1471 544 dissoluatur,
1506 489 1674 534 vitium
1708 493 1879 544 mutat,

186 586 280 617 non
311 567 450 615 tollit.
518 566 679 613 Omnis
712 567 836 612 enim
868 567 1091 613 materies
1124 582 1183 612 ex
1214 565 1425 612 Lucretii
1458 565 1697 610 sententia
1730 564 1883 611 solida

188 650 274 703 est,
308 644 454 692 etiam
487 657 544 691 ea
579 657 703 703 quae
737 640 986 690 concilium
1007 640 1115 688 iniit
1127 658 1139 697 3
1175 654 1376 701 corpora
1397 643 1599 697 tantum,
1634 654 1758 700 quae
1781 655 1883 687 ma-

185 722 335 767 teriae
370 719 568 766 concilio
601 724 709 765 orta
741 724 864 775 sunt,
900 718 974 764 vel
1006 718 1235 763 materiae
1270 716 1522 763 concilium
1554 716 1696 762 inane
1740 717 1788 760 in
1833 730 1884 760 se

187 796 388 844 cohibet.
452 794 824 843 Bockemuelleri
871 794 1020 854 igitur
1055 793 1330 841 coniectura
1360 791 1603 840 reicienda
1647 790 1732 838 illa
1773 792 1881 851 qui-

188 873 296 919 dem
330 876 415 929 est,
450 870 535 917 sed
566 870 662 917 alia
687 885 782 917 non
805 868 1061 917 admodum
1084 866 1267 915 difficili
1290 868 1553 914 mutatione
1575 867 1688 913 huic
1712 866 1883 913 mendo

164 934 365 994 'mederi
399 961 649 1006 possumus
683 951 886 992 coetus
932 960 1020 1004 pro
1066 949 1268 990 cetera
1307 944 1626 997 sribentes;
1674 948 1879 989 coetus

188 1023 312 1069 enim
343 1020 624 1068 vocabulum
657 1019 787 1080 apud
821 1019 1095 1067 Lucretium
1127 1033 1437 1080 synonymum
1479 1023 1552 1064 est
1582 1017 1713 1064 verbi
1748 1033 1847 1065 con
1860 1044 1881 1053 -

189 1097 410 1152 cilium3
444 1112 502 1142 ex
534 1095 710 1151 multis,
747 1095 920 1153 quibus
952 1095 1003 1141 id
1052 1095 1298 1154 probatur,
1347 1094 1465 1141 locis
1512 1108 1691 1153 paucos
1737 1093 1882 1140 affere

187 1172 304 1218 satis
339 1171 451 1217 erit:

333 1245 369 1302 I,
426 1246 539 1292 775:
572 1246 629 1291 in
663 1250 831 1292 coetu
870 1271 920 1288 =
957 1246 1013 1291 in
1048 1244 1293 1292 concilio
1330 1260 1369 1290 v.
1405 1244 1511 1290 772.

311 1320 370 1378 Π,
425 1321 539 1368 92οε
575 1325 739 1368 coeto
773 1319 1153 1381 concilioque.

332 1396 368 1454 I,
399 1397 539 1443 1017:
572 1411 698 1443 nam
730 1396 999 1456 dispulsa
1031 1411 1129 1443 suo
1174 1396 1240 1443 de
1275 1400 1442 1442 coetu
1475 1397 1722 1442 materai

568 1472 732 1531 copia
764 1470 1020 1518 ferretur
1052 1486 1309 1531 magnum
1341 1487 1445 1531 per
1478 1471 1652 1518 inane
1674 1470 1877 1518 soluta.

331 1546 366 1603 I,
395 1546 538 1592 1047:
570 1546 877 1607 principiis
893 1562 1079 1592 rerum
1098 1547 1349 1607 spatium
1366 1550 1703 1607 tempusque
1717 1545 1878 1607 fugai

567 1621 759 1681 lagiri,
793 1627 856 1668 ut
887 1622 1112 1681 possint
1145 1637 1176 1668 a
1208 1627 1376 1668 coetu
1407 1621 1595 1668 libera
1627 1621 1784 1668 ferri.

185 1696 313 1743 Inter
366 1696 613 1742 materiem
654 1697 809 1757 ipsam
853 1701 902 1743 et
957 1701 1144 1743 coetum
1191 1696 1410 1744 materiai
1463 1695 1775 1756 distinguitur
1819 1696 1877 1755 Π,

187 1773 307 1818 1002
341 1787 459 1830 seq.:

308 1861 414 1893 nec
446 1846 493 1893 si
527 1846 811 1893 interimit
843 1861 989 1893 mors
1020 1861 1138 1905 res,
1174 1852 1237 1894 ut
1268 1846 1537 1894 materiai

309 1937 556 1982 corpora
589 1922 888 1979 conficiat,
924 1923 1022 1970 sed
1067 1928 1293 1970 coetum
1326 1923 1595 1982 dissupat
1634 1923 1780 1970 ollis.

307 1997 492 2043 Deinde
525 1996 654 2056 quod
675 1996 925 2044 Lucretius
958 1997 1096 2044 dicit:
1132 1998 1386 2054 „materies
1421 2011 1522 2044 esse
1545 2003 1743 2045 aeterna
1775 2014 1877 2059 po-

181 2076 344 2129 test“‚
378 2073 428 2117 in
459 2071 535 2118 his
568 2071 724 2119 verbis
758 2087 865 2118 eum
897 2072 1022 2119 hanc
1056 2073 1211 2119 inesse
1237 2073 1527 2119 sententiam
1549 2072 1751 2120 voluisse
1785 2090 1875 2133 pu-

181 2148 402 2195 taverim:
441 2147 705 2195 sententiae
737 2162 884 2205 meae,
932 2162 1029 2208 qua
1059 2147 1307 2195 materiem
1340 2152 1584 2195 aeternam
1619 2162 1721 2196 esse
1755 2148 1875 2206 dioc,

182 2223 279 2270 iam
310 2222 431 2269 nihil
463 2222 665 2269 obstat.“

307 2298 562 2346 Dissolutis
593 2297 753 2357 igitur,
805 2312 929 2358 quae
964 2298 1014 2344 in
1046 2297 1242 2358 singulis
1286 2297 1442 2345 verbis
1482 2297 1728 2346 offensioni
1772 2313 1874 2346 esse

181 2375 379 2434 possint,
414 2374 478 2421 ad
508 2388 682 2421 nexum
715 2374 1057 2421 sententiarum
1100 2374 1394 2422 accedamus.
1468 2374 1544 2421 Ad
1589 2389 1706 2432 eam,
1751 2391 1876 2435 quae

181 2466 251 2496 vv.
285 2450 377 2497 518
412 2454 461 2496 et
493 2451 586 2497 519
618 2450 913 2510 proponitur,
964 2449 1312 2497 conclusionem
1346 2448 1643 2497 efficiendam
1675 2451 1769 2497 duo
1802 2451 1876 2497 vel

180 2525 341 2585 potius
373 2525 470 2572 tria
503 2526 766 2586 praemissa
796 2526 1094 2573 neccessaria
1126 2531 1260 2573 sunt:
1314 2526 1399 2585 la)
1434 2526 1714 2573 materies
1748 2527 1876 2587 ipsa

182 2600 303 2646 sine
336 2600 494 2646 inani
536 2606 639 2657 est,
700 2601 788 2663 lb)
822 2602 1100 2648 materiae
1146 2600 1452 2647 concilium
1496 2601 1662 2648 inane
1709 2601 1875 2648 cohi-

180 2675 300 2733 bet,
335 2674 387 2737 2)
421 2675 570 2736 quod
601 2676 722 2723 sine
755 2677 913 2724 inani
947 2682 1056 2734 est,
1091 2676 1277 2724 deleri
1299 2692 1407 2724 non
1431 2682 1638 2738 potest.
1693 2677 1875 2725 Horum

181 2752 549 2812 praemissorum
586 2752 749 2811 priora
787 2754 877 2814 (la
908 2759 957 2800 et
995 2753 1079 2814 lb)
1113 2754 1209 2799 iam
1239 2754 1288 2798 in
1320 2769 1388 2799 vv.
1412 2753 1660 2800 511—517
1695 2754 1873 2810 insunt,

181 2827 353 2888 quibus
385 2826 646 2888 primordia
677 2827 832 2875 solida
865 2843 966 2875 esse
1000 2828 1317 2876 demonstrari
1340 2828 1723 2890 Stuerenburgus
1744 2835 1876 2877 recte

184 2904 415 2965 exposuit.
481 2902 694 2950 Tertium
727 2904 1042 2964 praemissum
1076 2904 1149 2966 (2)
1164 2941 1174 2961 ,
1210 2905 1250 2951 si
1284 2910 1428 2951 antea
1469 2906 1567 2951 iam
1609 2906 1876 2965 expositum

181 2984 319 3037 esset,
354 2979 483 3040 quod
514 2979 615 3026 sine
648 2979 780 3027 inani
823 2985 897 3027 est
939 2979 1089 3027 deleri
1130 2995 1225 3027 non
1269 2996 1432 3042 posse,
1475 2995 1670 3042 prorsus
1712 2980 1875 3028 deesse

180 3060 364 3115 posset3
415 3053 544 3115 quod
589 3069 696 3102 cum
728 3054 909 3102 factum
941 3071 1033 3102 non
1069 3056 1145 3113 sit,
1199 3072 1253 3104 eo
1300 3057 1379 3103 vix
1411 3072 1573 3104 carere
1611 3071 1875 3116 possumus.

178 3129 318 3176 Unde
350 3144 460 3177 vero
493 3130 830 3179 arcessendum
862 3132 940 3188 sit,
973 3133 1069 3178 iam
1101 3132 1297 3187 scimus3
1343 3149 1411 3179 vv.
1447 3132 1573 3178 enim
1604 3132 1874 3189 532—537,
