2118 3522
1072 210 1135 257 22

383 351 507 398 1136
539 366 642 397 nec
674 349 859 397 facile
894 349 952 395 in
992 363 1167 395 venas
1202 347 1367 395 cibus
1400 347 1590 394 omnis
1623 345 1852 393 diditur
1886 343 1957 399 ei3

543 442 651 472 nec
701 425 851 471 satis
897 428 1011 479 est,
1055 438 1156 483 pro
1203 437 1373 482 quam
1417 421 1617 482 largos
1651 422 1959 467 exaestuat

637 504 864 556 aestus,

541 576 689 623 unde
723 580 901 635 queat
925 578 1163 621 tantum
1186 572 1452 619 suboriri
1475 588 1541 619 ac
1563 571 1958 632 subpeditare,

385 671 504 717 1141
541 668 1001 731 quandoquidem
1057 666 1266 727 grandi
1321 666 1484 714 cibus
1530 681 1661 714 aero
1707 664 1957 725 denique

640 745 809 793 defit·

539 838 640 869 nec
701 780 1032 868 tuditantia
1099 834 1215 864 rem
1277 823 1508 865 cessant
1580 818 1956 864 extrinsecus

637 896 812 944 ullam

539 987 796 1033 corpora
855 970 1147 1018 conficere
1206 974 1262 1016 et
1334 968 1537 1030 plagis
1585 968 1810 1015 infesta
1855 967 1959 1013 do-

634 1064 804 1095 mare.

384 1141 505 1189 1139
539 1141 667 1188 iure
701 1141 890 1201 igitur
923 1133 1186 1200 pereunt*
1215 1154 1337 1185 cum
1377 1137 1687 1185 rarefacta
1718 1137 1959 1185 fluendo

537 1222 670 1263 sunt
715 1222 772 1263 et
818 1231 942 1263 cum
992 1214 1263 1262 externis
1324 1213 1713 1261 succumbunt
1767 1213 1962 1260 omnia

636 1292 855 1354 plagis3

253 1369 431 1429 duplex
466 1368 661 1416 offensio
693 1368 894 1425 tollitur,
942 1367 1148 1428 primum
1182 1366 1311 1426 quod
1353 1366 1500 1413 tertia
1543 1381 1711 1422 causa,
1758 1380 1842 1412 cur
1884 1380 1961 1412 res

253 1445 552 1506 frangantur,
587 1446 636 1490 in
663 1444 962 1492 conclusione
987 1447 1176 1489 tantum
1201 1447 1608 1498 commemoratur,
1633 1440 1807 1487 deinde
1832 1440 1961 1501 quod

252 1536 329 1567 res
362 1521 496 1581 prius
531 1521 740 1567 externis
774 1519 930 1580 plagis
965 1518 1273 1566 succumbere
1305 1534 1449 1578 quam
1496 1516 1662 1565 confici
1696 1521 1745 1563 et
1777 1516 1963 1564 domari

254 1596 493 1643 dicuntur.

383 1670 633 1718 Conclusio
680 1670 770 1731 (vv.
820 1670 941 1716 1139
990 1674 1038 1715 et
1076 1668 1219 1729 1140)
1267 1673 1435 1728 postea
1478 1685 1507 1716 a
1539 1669 1761 1717 Lucretio
1797 1670 1963 1719 addita

257 1762 359 1794 esse
392 1746 595 1793 videtur.
661 1744 793 1791 Idem
839 1743 1041 1791 forsitan
1087 1744 1148 1791 de
1193 1743 1491 1791 conclusione
1533 1744 1842 1791 iudicandum
1883 1745 1960 1803 sit,

257 1839 380 1885 quae
416 1823 690 1870 continetur
725 1820 939 1868 versibus
972 1820 1053 1878 ΠΙ,
1091 1820 1365 1876 689—6953
1399 1819 1450 1866 hi
1486 1820 1609 1867 enim
1641 1837 1709 1867 vv.
1742 1821 1791 1867 in
1827 1821 1961 1868 codd.

255 1904 366 1959 post
397 1916 437 1944 v.
463 1899 554 1944 683
589 1897 827 1957 leguntur.
893 1896 1053 1942 Etiam
1090 1896 1304 1943 clausula
1336 1911 1557 1942 versuum
1579 1896 1613 1953 1,
1648 1896 1897 1943 205—207
1932 1913 1963 1944 a

257 1974 482 2020 Lucretio
517 1972 628 2019 olim
662 1973 855 2033 scriptis
888 1971 1078 2018 videtur
1110 1972 1278 2018 addita
1313 1986 1426 2018 esse.
1490 1969 1612 2018 Nam
1647 1971 1962 2019 Stuerenbur-

257 2064 344 2110 gus
381 2049 526 2109 (Acta
559 2063 653 2095 soc.
699 2047 814 2109 phil.
861 2047 986 2108 Lips.
1020 2046 1078 2103 Π,
1126 2047 1254 2106 389),
1301 2047 1383 2106 qui
1431 2046 1519 2093 hos
1552 2063 1621 2093 vv.
1653 2053 1763 2108 post
1795 2065 1834 2095 v.
1869 2049 1963 2096 214

259 2124 560 2172 collocandos
595 2139 697 2171 esse
730 2128 860 2170 recte
883 2123 1240 2179 demonstravit,
1275 2124 1324 2169 in
1349 2138 1402 2169 eo
1426 2128 1587 2169 tamen
1612 2125 1800 2181 erravit,
1834 2123 1962 2185 quod

257 2218 327 2247 vv.
361 2200 616 2247 208—214
648 2204 817 2260 postea
850 2199 1054 2258 scriptos
1087 2213 1189 2245 esse
1222 2204 1387 2259 putat3
1422 2214 1533 2245 nam
1565 2227 1626 2232 ——
1661 2205 1716 2246 ut
1739 2199 1962 2247 Stueren-

257 2276 438 2336 burgus
472 2276 575 2336 ipse
608 2280 739 2322 recte
773 2274 993 2335 exposuit
1024 2302 1084 2306 -—
1131 2290 1199 2319 vv.
1233 2273 1481 2321 205—207
1516 2289 1704 2321 versum
1736 2275 1831 2321 214
1876 2291 1962 2336 ap-

259 2352 356 2398 tius
392 2351 643 2412 excipiunt
676 2366 821 2421 quam
853 2367 921 2397 vv.
961 2349 1224 2406 199—204,
1261 2365 1367 2396 cum
1408 2350 1561 2411 magis
1595 2349 1658 2397 ad
1687 2349 1963 2412 plantarum

260 2433 309 2474 et
342 2427 567 2475 arborum
603 2424 783 2475 cultum
817 2442 962 2487 quam
995 2425 1057 2472 ad
1085 2440 1232 2486 genus
1254 2424 1514 2474 humanum
1536 2426 1808 2490 respiciant.
1863 2426 1961 2474 Ita-

260 2520 353 2565 que
387 2505 503 2565 quin
537 2521 607 2550 vv.
641 2504 892 2551 205—207
927 2507 1037 2564 post
1070 2519 1139 2548 vv.
1172 2502 1424 2548 208—214
1469 2503 1637 2564 scripti
1670 2503 1778 2560 sint,
1824 2503 1962 2551 dubi-

258 2581 458 2628 tandum
491 2595 585 2627 non
621 2584 706 2628 est.

896 2743 1021 2801 III,
1066 2742 1172 2798 791,
1210 2742 1315 2788 803.

392 2846 626 2893 Christius
663 2846 868 2907 (quaest.
902 2846 1039 2894 Lucr.
1073 2862 1181 2907 pag.
1218 2846 1300 2907 20)
1345 2863 1414 2893 vv.
1450 2847 1542 2894 803
1576 2852 1624 2894 et
1658 2848 1746 2894 791
1782 2852 1892 2908 post
1922 2865 1963 2895 v.

264 2925 355 2972 799
390 2924 573 2985 posuit:

394 3001 485 3047 798
523 2999 744 3059 quippe
779 3000 992 3045 etenim
1043 2999 1294 3046 mortale
1327 3005 1573 3048 aeterno
1619 3000 1865 3061 iungere
1909 3007 1965 3048 et

603 3090 715 3121 una

517 3149 865 3197 consentire
899 3155 1112 3209 putare
1150 3156 1205 3197 et
1238 3150 1401 3210 fungi
1435 3156 1634 3197 mutua
1667 3167 1852 3212 posse,
