2118 3522
1066 258 1129 305 29

905 454 984 512 IV,
1024 456 1289 503 254—266.

374 557 603 605 Versibus
634 557 887 604 228-253
918 556 1168 604 Lucretius
1201 558 1526 604 demonstrare
1567 557 1730 604 studet
1771 558 1940 618 imagi-

245 649 330 681 nes
361 632 562 690 efficere,
612 633 818 694 primum
865 638 922 680 ut
969 634 1155 681 omnino
1203 649 1280 681 res
1331 649 1523 681 cernere
1568 634 1802 694 possimus
1848 634 1939 695 (vv.

245 708 532 772 218—236),
578 708 748 755 deinde
789 713 844 755 ut
893 723 986 769 quo
1028 710 1233 770 speciem
1272 715 1512 757 vertamus
1553 724 1715 756 omnes
1757 709 1824 757 ibi
1863 725 1939 756 res

245 784 382 831 nobis
415 790 682 845 appareant
715 785 806 848 (vv.
837 785 928 832 237
933 785 1123 845 -241),
1152 785 1370 846 ‘denique
1403 792 1471 843 ut,
1510 791 1743 846 quantum
1788 802 1936 846 quae-

246 876 338 921 que
370 875 448 907 res
481 860 620 917 absit,
665 860 926 908 diiudicare
958 861 1193 922 possimus
1233 861 1324 923 (vv.
1363 861 1650 922 242—253).
1728 860 1819 907 Hic
1861 876 1938 907 re-

245 951 351 981 rum
399 935 515 981 ordo
562 940 663 982 tam
708 935 908 996 simplex
959 941 1007 982 et
1055 941 1155 983 tam
1186 936 1383 982 idoneus
1419 942 1504 993 est,
1551 943 1606 982 ut
1640 951 1724 983 cur
1754 936 1937 982 Bocke-

245 1010 498 1057 muellerus
532 1026 639 1057 eum
670 1012 938 1068 mutaverit,
972 1026 1065 1057 non
1087 1011 1371 1071 intellegam,
1405 1012 1547 1058 immo
1570 1017 1757 1058 tantum
1785 1012 1935 1069 abest,

245 1091 301 1133 ut
332 1087 508 1134 mutari
539 1087 703 1147 possit,
737 1092 805 1144 ut,
842 1087 881 1133 si
914 1087 1121 1135 traditus
1153 1102 1246 1134 non
1280 1093 1417 1144 esset,
1451 1088 1773 1135 restituendus
1798 1093 1934 1135 esset.

245 1161 423 1220 Quodsi
454 1162 727 1210 Lucretium
759 1179 799 1210 v.
834 1163 926 1210 238
959 1177 1107 1210 novae
1138 1163 1292 1223 partis
1325 1163 1515 1210 initium
1554 1162 1721 1211 fecisse
1768 1164 1933 1211 verisi-

243 1238 354 1285 mile
382 1253 475 1284 non
510 1244 595 1294 est,
629 1253 722 1284 non
754 1238 813 1284 de
843 1238 1194 1297 transponendo
1227 1238 1533 1297 cogitandum
1586 1244 1671 1295 est,
1717 1239 1802 1285 sed
1848 1254 1934 1298 po-

244 1313 341 1360 tius
373 1318 485 1360 ante
517 1328 559 1359 v.
592 1313 686 1360 228
730 1329 876 1359 unum
921 1317 1047 1359 certe
1093 1318 1423 1372 argumentum
1456 1313 1686 1360 excidisse
1718 1313 1935 1360 iudican-

244 1388 357 1434 dum
393 1394 466 1434 est
497 1388 577 1449 (cf.
612 1388 856 1434 Susemihl.
889 1387 1010 1434 Phil.
1046 1389 1121 1444 29,
1156 1403 1265 1447 pag.
1300 1388 1428 1446 837).

370 1462 547 1510 Versus
579 1467 739 1510 autem
770 1463 1023 1510 254—266
1055 1462 1176 1510 falso
1208 1462 1301 1510 loci
1341 1462 1486 1523 positi
1528 1467 1578 1508 et
1616 1466 1727 1522 post
1770 1477 1810 1507 v.
1845 1462 1938 1508 236

246 1537 513 1585 collocandi
546 1544 671 1585 sunt.
737 1537 859 1584 Nam
886 1543 1143 1598 postquam
1175 1537 1426 1584 Lucretius
1461 1537 1682 1597 exposuit
1716 1537 1941 1583 cernendi

246 1629 439 1661 causam
469 1614 519 1660 in
553 1614 839 1674 imaginibus
871 1613 1079 1674 positam
1135 1627 1251 1670 esse,
1298 1612 1471 1673 aliquis
1516 1613 1558 1659 ei
1601 1611 1791 1659 obicere
1834 1617 1942 1673 pot-

244 1695 377 1738 erat:
425 1695 507 1748 „at
539 1689 774 1751 quomodo
806 1690 1037 1750 imagines
1069 1690 1222 1737 visum
1254 1688 1441 1736 efficere
1472 1693 1686 1750 possunt,
1727 1703 1834 1735 cum
1866 1689 1940 1749 ip-

245 1780 322 1812 sas
354 1766 584 1826 imagines
618 1780 810 1811 cernere
841 1779 1133 1825 nequeamus
1144 1764 1196 1810 ?“
1262 1764 1432 1824 Itaque
1476 1778 1639 1811 versus
1670 1764 1937 1820 254-266,

245 1840 420 1901 quibus
452 1839 515 1888 ad
545 1840 672 1888 hanc
714 1841 1037 1900 quaestionem
1076 1839 1403 1901 respondetur,
1449 1854 1633 1886 versum
1667 1838 1762 1886 236
1811 1839 1937 1886 exci-

194 1929 196 1931 ·
246 1917 382 1976 piant
412 1931 602 1962 necesse
636 1921 721 1962 est.

900 2033 980 2091 IV,
1012 2034 1277 2082 593—612.

374 2133 636 2183 Susemihlo
681 2134 868 2197 (Philol.
903 2134 979 2191 32,
1012 2134 1107 2181 486
1139 2134 1306 2196 seqq.);
1351 2134 1434 2194 qui
1474 2150 1542 2181 vv.
1578 2134 1828 2181 601-606
1861 2134 1934 2180 ni-

247 2212 318 2259 hil
349 2213 441 2258 nisi
473 2211 673 2259 alteram
705 2226 924 2258 versuum
964 2210 1216 2258 561—565
1260 2210 1603 2267 recensionem,
1647 2225 1810 2257 versus
1843 2210 1933 2257 607

250 2285 404 2334 —609
448 2291 634 2348 partem
680 2286 876 2335 alterius
927 2301 1148 2334 versuum
1192 2285 1442 2332 593—602
1489 2285 1775 2332 recensionis
1819 2300 1935 2342 esse,

248 2380 317 2423 vv,
351 2363 556 2423 denique
588 2363 837 2410 610-612
869 2378 965 2410 non
994 2363 1149 2409 minus
1180 2361 1301 2409 bene
1334 2376 1521 2408 versum
1553 2361 1645 2408 600
1667 2376 1812 2421 quam
1845 2360 1937 2408 609

250 2439 467 2500 excipere
498 2443 653 2500 putat,
688 2439 908 2487 assentiri
949 2453 1043 2485 non
1082 2452 1286 2499 possum.
1362 2436 1487 2484 Nam
1516 2452 1737 2484 versuum
1783 2436 1937 2484 601-

251 2514 343 2561 609
373 2514 495 2562 haec
526 2516 765 2562 sententia
799 2530 901 2562 esse
933 2515 1148 2561 videtur:
1196 2513 1246 2561 Si
1289 2528 1529 2560 versamus
1577 2514 1627 2559 in
1667 2512 1772 2560 1000
1804 2528 1939 2559 muro

251 2589 324 2636 vel
357 2605 497 2651 saepe
532 2591 700 2648 cincto,
734 2591 867 2638 cuius
902 2591 1118 2651 superior
1157 2605 1270 2651 pars
1317 2595 1487 2651 aperta
1532 2594 1618 2646 est,
1662 2588 1754 2635 hoc
1800 2589 1941 2636 modo

250 2680 337 2713 nos
384 2666 552 2713 audire
598 2671 782 2728 potest:
832 2681 930 2714 una
972 2681 1064 2714 vox
1097 2681 1127 2713 a
1158 2666 1295 2714 nobis
1344 2666 1515 2713 emissa
1562 2664 1636 2713 vel
1685 2665 1786 2712 eius
1830 2680 1943 2726 pars

252 2741 466 2790 ascendit
497 2757 646 2803 supra
677 2758 881 2804 saepem,
918 2743 1068 2790 donec
1103 2758 1157 2790 eo
1190 2742 1417 2803 pervenit,
1451 2742 1577 2789 unde
1609 2756 1638 2788 a
1669 2756 1812 2802 saepe
1850 2757 1944 2788 non

252 2817 456 2880 amplius
488 2818 720 2879 impedita
752 2819 816 2866 ad
849 2835 969 2876 eum,
1004 2819 1087 2879 qui
1120 2818 1235 2866 foris
1268 2823 1355 2875 est,
1388 2818 1635 2878 pervenire
1668 2817 1843 2877 possit;
1878 2817 1944 2864 ibi

253 2893 489 2941 scinditur
521 2894 571 2939 in
603 2894 780 2941 multas
813 2900 989 2955 partes,
1032 2899 1080 2941 et
1123 2894 1297 2940 harum
1328 2894 1539 2954 partium
1571 2908 1668 2939 una
1699 2892 1772 2938 vel
1805 2894 1944 2939 unius

252 2971 406 3029 partis
438 2985 552 3031 pars
584 2984 886 3031 nequaquam
917 2970 1149 3031 impedita
1181 2969 1243 3016 ad
1276 2984 1383 3016 eum
1414 2969 1645 3028 pervenit,
1691 2968 1773 3028 qui
1808 2974 1944 3014 extra

253 3058 444 3106 saepem
477 3050 562 3093 est.
626 3045 732 3092 Tali
762 3045 901 3092 modo
932 3045 1039 3093 loca
1069 3045 1206 3092 nobis
1236 3045 1354 3106 ipsis
1376 3044 1542 3092 abdita
1563 3044 1757 3091 vocibus
1789 3048 1944 3090 retro

254 3120 481 3181 profectis
514 3120 823 3182 complentur.
871 3120 1033 3181 Imago
1067 3125 1229 3177 autem
1261 3135 1291 3167 a
1322 3120 1458 3167 nobis
1490 3120 1674 3176 emissa,
1708 3134 1832 3179 quae
1865 3134 1945 3167 ea-

255 3196 363 3244 dem
394 3197 472 3245 via
503 3202 649 3259 atque
682 3197 838 3259 prima
871 3196 956 3245 illa
987 3212 1078 3245 vox
1099 3196 1316 3258 profecta
1338 3202 1423 3256 est,
1459 3211 1567 3245 cum
1588 3210 1735 3258 supra
1757 3210 1947 3257 saepem
