2118 3522
1069 197 1129 244 16

246 350 380 395 quos,
414 336 455 382 si
487 351 527 381 v.
560 334 650 383 531
689 335 920 395 genuinus
955 339 1041 391 est,
1076 333 1197 385 falso
1230 334 1335 382 loco
1366 337 1548 396 positos
1581 351 1683 384 esse
1726 336 1942 393 vidimus,

246 411 298 458 id
331 416 595 472 praestant,
629 412 759 471 quod
789 410 882 458 hoc
915 410 1018 457 loco
1051 409 1338 470 postulatur.
1403 410 1764 473 Transponendi
1795 412 1944 473 igitur

247 492 360 534 sunt
405 492 453 533 et
496 493 607 547 post
646 505 686 535 v.
718 488 812 535 519
858 486 1132 534 collocandi.
1212 485 1329 533 Cum
1373 487 1449 534 his
1482 489 1797 549 coniungendi
1836 493 1947 536 sunt

246 580 316 609 vv.
350 563 443 610 538
478 569 527 610 et
558 564 666 620 539,
711 564 890 625 quippe
934 563 1017 623 qui
1060 561 1203 609 huius
1236 564 1506 622 argumenti
1540 564 1801 613 clausulam
1834 579 1945 611 con-

246 640 447 685 tineant.

376 713 520 761 Falsa
551 725 770 760 versuum
791 713 1045 760 532--539
1080 712 1328 760 collocatio
1360 712 1560 760 forsitan
1592 713 1705 760 inde
1737 718 1845 760 orta
1868 713 1945 770 sit,

248 790 379 852 quod
418 790 669 838 Lucretius
718 789 903 837 duobus
951 790 1244 851 argumentis
1290 788 1566 851 (503—-510
1598 794 1647 837 et
1679 789 1946 847 511—519,

247 866 525 929 532—539)
562 871 706 913 antea
737 867 929 927 scriptis
961 871 1129 927 postea
1159 866 1357 912 tertium
1405 865 1605 922 addidit,
1651 866 1947 927 (520—531)

247 942 378 1002 quod
412 943 595 1002 primus
630 942 784 989 editor
817 941 936 990 falso
967 942 1071 990 loco
1106 943 1317 989 inseruit.

934 1085 969 1143 I,
1006 1085 1268 1133 657-662.

374 1193 427 1240 In
461 1193 537 1240 his
570 1193 799 1251 versibus,
835 1198 890 1240 ut
922 1194 973 1240 in
1009 1193 1297 1241 editionibus
1330 1193 1575 1255 leguntur:

440 1270 539 1317 sed
573 1270 709 1329 quia
741 1269 922 1316 multa
960 1270 1076 1317 sibi
1113 1275 1356 1317 cernunt
1402 1271 1699 1318 contraria
1739 1270 1946 1333 (amus-

503 1345 625 1407 sim)

446 1426 501 1467 et
534 1421 788 1480 fugitant
821 1421 877 1466 in
910 1420 1080 1467 rebus
1112 1421 1280 1467 inane
1312 1419 1602 1479 reliquere
1636 1436 1856 1480 purum,

446 1495 629 1543 ardua
662 1496 788 1542 dum
820 1500 1104 1552 metuunt,
1141 1495 1419 1542 amittunt
1458 1510 1592 1542 vera
1622 1496 1763 1553 viai,

445 1587 548 1619 nec
579 1587 804 1618 rursum
838 1576 1085 1618 cernunt
1119 1570 1378 1632 exemplo
1410 1570 1584 1619 rebus
1618 1572 1777 1618 inani

450 1648 636 1695 omnia
661 1648 899 1695 denseri
934 1684 944 1693 .
980 1684 989 1693 .
1026 1684 1035 1693 .

253 1739 481 1784 perversa
502 1724 622 1770 haec
656 1724 910 1779 sententia,
946 1724 1035 1769 etsi
1074 1722 1289 1782 paullum
1322 1723 1582 1779 recondita,
1618 1728 1779 1770 tamen
1812 1723 1954 1769 inest:

252 1800 397 1858 „quia
429 1800 479 1844 in
512 1799 655 1845 rebus
688 1799 827 1845 inane
860 1797 1128 1856 relinquere
1163 1813 1336 1857 purum
1368 1796 1591 1857 fugitant,
1626 1812 1721 1844 non
1754 1802 1956 1843 cernunt

249 1873 464 1934 exemplo
498 1873 643 1920 rebus
675 1873 805 1920 inani
839 1873 998 1919 omnia
1018 1872 1253 1919 denseri.“
1302 1871 1562 1919 Praeterea
1583 1874 1791 1931 verbum,
1826 1873 1955 1933 quod

248 1966 289 1995 v.
315 1950 408 1996 660
430 1949 633 2010 legitur:
671 1953 931 2005 „rursus“
956 1949 1146 1995 omnino
1171 1963 1265 1995 non
1288 1948 1449 2006 habet,
1485 1950 1562 1996 cui
1584 1950 1855 2010 oppositum
1878 1950 1953 1996 sit.

247 2025 336 2071 His
368 2025 552 2089 mendis
584 2024 870 2071 medendum
914 2029 988 2070 est
1019 2039 1159 2071 versu
1193 2024 1284 2071 658
1336 2029 1446 2085 post
1479 2025 1571 2073 659
1618 2025 1854 2086 ponendo,
1900 2030 1956 2072 ut

248 2100 370 2146 haec
403 2101 644 2147 sententia
676 2101 901 2147 exsistat:
936 2099 1120 2155 „ardua
1160 2104 1426 2146 metuentes
1460 2115 1619 2147 veram
1652 2101 1778 2147 viam
1812 2101 1955 2147 amit-

250 2181 362 2223 tunt
396 2181 444 2223 et
476 2177 617 2223 inane
649 2177 698 2223 in
730 2175 874 2223 rebus
909 2175 1167 2222 concedere
1199 2191 1295 2222 non
1327 2176 1531 2232 audent3
1563 2192 1717 2237 neque
1749 2191 1861 2224 vero
1884 2176 1953 2223 vi-

251 2251 370 2297 dent
402 2256 600 2311 propter
632 2250 682 2296 id
715 2251 885 2311 ipsum,
921 2250 1049 2310 quod
1075 2250 1233 2296 omnia
1254 2251 1436 2311 stipata
1469 2265 1571 2298 esse
1603 2256 1791 2312 putant,
1827 2252 1955 2312 quod

253 2328 479 2385 consequi
512 2326 690 2382 volunt,
733 2325 838 2372 fieri
879 2341 975 2373 non
1018 2341 1171 2386 posse,
1213 2328 1242 2373 i.
1277 2343 1315 2373 e.
1359 2332 1414 2373 ut
1454 2327 1579 2387 ignis
1612 2327 1873 2375 denseatur
1906 2332 1956 2373 et

246 2400 457 2449 rarefiat.
525 2400 685 2448 Unum
716 2401 866 2460 igitur
898 2401 1065 2448 vitium
1097 2400 1334 2462 fugientes
1366 2417 1532 2449 rursus
1569 2402 1619 2449 in
1654 2401 1787 2449 aliud
1807 2401 1953 2462 idque

255 2478 409 2525 maius
442 2478 609 2524 vitium
640 2477 902 2523 incidunt.“

900 2680 976 2742 II,
1023 2682 1291 2731 529—531.

377 2816 449 2862 De
481 2816 626 2863 variis
659 2830 781 2876 quas
804 2814 1018 2862 homines
1052 2815 1183 2863 docti
1216 2815 1276 2862 de
1307 2815 1382 2863 his
1414 2832 1485 2863 vv.
1508 2815 1812 2877 protulerunt
1843 2830 1951 2863 sen-

249 2892 414 2939 tentiis
460 2891 517 2938 cf.
550 2890 757 2938 Pollium
789 2890 911 2938 Phil.
943 2891 1019 2947 26,
1066 2892 1158 2937 318
1203 2897 1251 2938 et
1294 2891 1783 2939 Hoerschelmannum
1827 2891 1950 2939 obss.

249 2981 356 3028 pag.
396 2968 468 3014 17.
533 2966 997 3014 Hoerschelmannus
1030 2967 1134 3027 ipse
1168 2982 1246 3015 eos
1279 2974 1392 3016 ante
1436 2985 1476 3015 v.
1511 2967 1604 3015 569
1651 2966 1951 3015 collocandos

250 3059 351 3090 esse
384 3042 605 3103 putabat,
639 3058 785 3103 quam
816 3044 1104 3090 sententiam
1136 3043 1365 3091 refutavit
1396 3044 1651 3105 Briegerus
1692 3059 1800 3091 ann.
1834 3043 1950 3105 phil.

252 3120 357 3175 111,
404 3119 508 3166 616.
580 3118 817 3166 Addenda
860 3117 1066 3180 denique
1111 3125 1185 3166 est
1228 3119 1467 3167 sententia
1507 3118 1775 3166 Neumanni
1820 3119 1950 3182 (pag.
