2118 3522
1056 189 1116 235 21

240 325 331 374 bus
362 325 615 373 Lucretius
647 340 768 383 eum,
803 326 887 386 qui
918 330 1157 374 terrarum
1189 327 1352 374 orbem
1384 343 1478 374 non
1521 327 1716 388 proprio
1749 327 1936 373 nomine

240 401 324 450 sed
356 401 499 450 deum
529 406 732 450 matrem
764 400 1008 463 appellare
1040 402 1167 460 velit,
1201 408 1257 451 ut
1288 404 1419 465 turpi
1451 403 1681 465 religione
1726 402 1937 449 animum

239 478 514 539 contingere
544 482 727 540 parcat,
762 476 1060 537 adhortatur,
1093 479 1229 542 pergi
1263 495 1357 527 non
1389 485 1550 542 potest
1581 479 1819 526 sententia
1851 478 1936 525 ad-

238 555 502 617 versativa:
877 598 885 602 c

367 636 537 677 terra
568 629 803 691 quidem
835 646 976 679 vero
1020 636 1200 679 caret
1232 631 1383 679 omni
1424 635 1695 692 tempore
1728 645 1934 687 sensu3

239 717 325 767 sed
357 718 594 766 sententia
626 717 807 767 causali
840 733 959 781 opus
992 723 1108 767 erat.
1173 719 1391 781 Denique
1424 718 1620 767 verbum
1652 718 1747 766 hic
1779 734 1820 764 v.
1844 718 1935 766 655

240 801 352 842 ante
384 812 453 842 vv.
490 796 743 844 652—654
773 795 978 855 intelligi
1011 796 1200 843 omnino
1234 812 1328 843 non
1361 802 1534 856 potest.

871 959 930 1017 Π,
969 960 1293 1007 1133—1149.

364 1080 825 1129 Hoerschelmannus
848 1080 969 1128 obss.
993 1096 1102 1142 pag.
1124 1082 1200 1138 24,
1237 1081 1313 1128 cui
1343 1080 1596 1141 Briegerus
1620 1080 1775 1141 (Burs.
1799 1081 1933 1138 1876,

236 1159 295 1216 Π,
334 1158 444 1219 185)
495 1172 715 1203 assensus
756 1162 841 1213 est,
886 1172 982 1202 non
1024 1155 1177 1202 solum
1221 1155 1434 1203 Goebelii
1469 1157 1674 1217 (quaest.
1707 1171 1815 1216 pag.
1851 1156 1934 1218 33)

237 1233 536 1289 sententiam,
571 1248 667 1292 qua
699 1248 769 1278 vv.
807 1232 1116 1278 1146-1149
1150 1237 1261 1292 post
1303 1249 1343 1278 v.
1382 1232 1502 1279 1138
1544 1232 1787 1293 ponendos
1833 1247 1936 1279 esse

236 1314 392 1371 putat,
428 1307 717 1369 comprobat,
753 1306 838 1353 sed
870 1307 1015 1354 etiam
1046 1324 1087 1354 v.
1126 1308 1244 1354 1141
1279 1307 1384 1355 loco
1416 1308 1699 1355 movendum
1734 1313 1781 1355 et
1812 1308 1936 1355 inter

240 1386 362 1432 1138
397 1389 446 1431 et
481 1383 603 1429 1146
634 1381 905 1443 ponendum
950 1397 1052 1429 esse
1099 1388 1272 1430 censet.
1347 1382 1531 1431 Neutra
1573 1383 1624 1429 in
1658 1399 1711 1430 re
1742 1399 1936 1444 prorsus

237 1460 280 1508 ei
314 1459 534 1507 assentiri
566 1472 770 1520 possum.

360 1535 483 1583 Nam
515 1536 720 1596 primum
753 1534 793 1581 si
826 1550 895 1580 vv.
934 1533 1244 1581 1146—1149
1278 1535 1349 1581 ita
1384 1540 1440 1581 ut
1472 1534 1936 1583 Hoerschelmannus

236 1611 339 1660 vult
366 1611 678 1668 collocantur,
714 1608 835 1656 nihil
856 1607 1061 1657 afferunt
1082 1610 1203 1668 novi,
1240 1610 1368 1671 quod
1390 1610 1453 1657 ad
1475 1612 1937 1671 argumentationem

234 1690 389 1749 ipsam
419 1688 563 1735 ullius
595 1687 821 1733 momenti
854 1686 942 1741 sit3
975 1703 1045 1732 vv.
1074 1687 1195 1733 1146
1229 1692 1278 1733 et
1313 1688 1433 1733 1147
1468 1694 1634 1748 aperte
1666 1694 1855 1736 tantum
1878 1706 1935 1736 ea

235 1763 533 1824 eloquuntur,
570 1778 693 1822 quae
724 1760 835 1807 inde
868 1776 898 1807 a
930 1777 970 1807 V.
1009 1761 1130 1808 1125
1160 1761 1257 1808 iam
1289 1762 1435 1808 tacite
1477 1768 1668 1825 sumpta
1700 1769 1825 1821 sunt,
1862 1781 1931 1811 vv.

233 1843 395 1885 autem
430 1838 740 1884 1148—1149
773 1836 893 1882 nihil
927 1837 1170 1883 continent
1202 1837 1293 1882 nisi
1317 1837 1567 1884 molestam
1598 1840 1931 1900 repetitionem

234 1929 396 1960 eorum
429 1929 552 1973 quae
593 1913 690 1959 iam
734 1929 802 1958 vv.
850 1911 1159 1959 1136—1138
1201 1912 1418 1973 exposita
1458 1918 1581 1960 sunt.
1654 1914 1787 1962 Idem
1831 1915 1931 1963 fere

234 1993 400 2036 contra
420 1987 886 2035 Boeckemuellerum
919 1985 1172 2033 dicendum
1206 1992 1291 2044 est,
1326 1988 1409 2047 qui
1441 1988 1528 2035 hos
1561 2006 1629 2036 vv.
1661 1996 1771 2051 post
1808 1992 1929 2038 1143

234 2064 449 2121 collocat,
486 2069 741 2125 propterea
772 2063 902 2123 quod
934 2062 1100 2108 mortis
1134 2063 1287 2121 magis
1321 2079 1466 2122 quam
1506 2064 1678 2112 virium
1709 2066 1927 2114 deminu-

231 2142 374 2194 tionis
414 2156 607 2189 causam
651 2139 937 2187 contineant.
1015 2137 1218 2186 Prorsus
1261 2138 1404 2186 aliter
1449 2155 1526 2187 res
1571 2155 1621 2188 se
1666 2141 1813 2189 habet
1851 2141 1927 2190 his

231 2217 457 2273 versibus,
493 2231 586 2276 quo
621 2215 788 2262 traditi
821 2219 945 2271 sunt,
978 2213 1082 2260 loco
1105 2215 1316 2260 retentis.
1360 2214 1613 2263 Lucretius
1648 2233 1754 2263 cum
1787 2234 1926 2265 mun-

232 2292 346 2339 dum
377 2297 593 2339 nostrum
624 2290 891 2352 periturum
925 2305 1027 2337 esse
1067 2290 1477 2337 demonstraturus
1511 2291 1587 2347 sit,
1631 2309 1701 2339 vv.
1740 2294 1924 2341 1118-

235 2367 357 2416 1143
399 2366 698 2415 condiciones
745 2365 952 2427 exponit,
1000 2364 1172 2426 quibus
1216 2379 1376 2412 omnes
1419 2380 1510 2412 res·
1531 2372 1750 2414 crescant
1782 2374 1830 2415 et
1863 2370 1925 2416 ad

231 2448 495 2488 extremum
529 2441 771 2489 crescendi
813 2440 955 2487 finem
987 2441 1248 2501 perductae
1290 2441 1570 2488 decrescant
1604 2448 1652 2489 et
1684 2449 1923 2504 postremo

228 2516 371 2578 plane
402 2521 627 2577 pereant3
660 2516 831 2562 deinde
863 2532 933 2562 vv.
970 2516 1279 2562 1144—1149
1310 2531 1379 2571 ea,
1415 2532 1539 2576 quae
1570 2517 1619 2563 in
1653 2520 1924 2567 universum

229 2592 290 2639 de
322 2591 539 2639 omnibus
582 2591 726 2638 rebus
774 2591 1049 2653 disputavit,
1090 2591 1153 2638 ad
1196 2591 1421 2638 mundum
1464 2597 1680 2639 nostrum
1726 2593 1925 2642 adhibet

230 2673 278 2716 et
301 2667 570 2716 accuratius
594 2666 814 2728 explicat,
850 2684 934 2715 cur
958 2683 1026 2725 ea,
1061 2682 1184 2728 quae
1217 2666 1276 2713 de
1309 2667 1524 2715 omnibus
1556 2668 1699 2716 rebus
1731 2669 1921 2727 dixerit,

229 2744 287 2792 de
321 2748 424 2792 toto
457 2758 645 2804 quoque
677 2743 852 2790 mundo
887 2743 1097 2798 valeant3
1130 2758 1283 2803 neque
1316 2744 1417 2790 sine
1458 2759 1605 2791 causa
1641 2732 1922 2793 vocabulum

229 2821 418 2868 omnia
449 2836 519 2866 vv.
557 2819 678 2865 1146
712 2824 761 2865 et
796 2808 913 2866 1147
950 2819 1208 2880 repetitum
1241 2824 1325 2866 est.
1387 2864 1389 2866 .

352 2894 537 2943 Deinde
569 2893 698 2955 quod
731 2894 794 2941 ad
828 2911 868 2941 v.
905 2895 1025 2942 1141
1062 2894 1250 2951 attinet,
1298 2893 1760 2944 Hoerschelmannus
1794 2902 1922 2944 certe

227 2971 491 3020 rectissime
524 2985 631 3017 cum
662 2975 772 3031 post
802 2986 843 3016 v.
870 2971 991 3018 1138
1028 2970 1289 3027 collocavit,
1322 2970 1407 3017 sed
1438 2971 1595 3018 minus
1622 2973 1810 3019 videtur
1842 2972 1921 3019 ille

224 3063 265 3093 v.
297 3046 679 3108 transponendus
713 3062 856 3107 quam
893 3047 1014 3094 1139
1048 3052 1097 3094 et
1135 3046 1270 3095 1140.
1348 3046 1475 3103 Quos
1509 3047 1550 3094 si
1582 3053 1692 3108 post
1723 3065 1762 3094 v.
1801 3048 1922 3095 1143

223 3137 464 3185 pommus:
