2118 3522
1074 215 1137 262 20

252 355 558 416 quaesivisse,
593 369 707 400 num
738 354 787 398 in
820 352 977 413 spatio
1008 351 1195 398 infinito
1227 352 1452 399 materies
1472 351 1611 399 finita
1643 365 1745 398 esse
1776 355 1952 412 posset,

253 432 338 479 sed
370 432 466 478 iam
498 430 589 477 hoc
633 429 737 476 loco
783 444 890 476 cum
931 433 1098 475 contra
1140 427 1407 475 Stoicorum
1449 428 1735 475 sententiam
1749 429 1809 488 ¹),
1856 440 1954 487 qua

253 522 486 554 summam
517 521 678 553 rerum
710 495 807 551 sive
846 503 1077 550 mundum
1120 502 1308 550 finitum
1355 509 1404 550 et
1447 508 1584 551 extra
1625 502 1752 551 hanc
1793 518 1953 550 rerum

253 597 485 628 summam
517 581 637 626 nihil
668 581 757 626 nisi
790 581 934 626 inane
967 578 1207 625 infinitum
1241 593 1343 625 esse
1377 579 1627 636 docebant,
1673 593 1724 624 se
1759 593 1953 624 conver-

252 659 369 704 tisse
404 663 451 703 et
484 657 812 702 demonstrare
846 656 1087 702 studuisse
1123 656 1268 700 etiam
1302 660 1439 702 extra
1470 655 1597 701 hanc
1623 670 1856 701 summam
1877 670 1952 700 re-

253 748 360 780 rum
392 732 443 779 in
475 730 663 778 infinito
696 730 853 792 spatio
901 730 1151 777 materiem
1194 745 1392 791 eamque
1437 728 1673 777 infinitam
1721 743 1824 777 esse
1868 728 1953 776 de-

251 810 376 855 bere.
443 808 547 854 Sive
579 807 664 852 illa
696 807 794 852 sive
827 807 919 852 hac
952 808 1029 852 via
1060 821 1340 866 progressus
1375 811 1461 863 est,
1510 806 1725 852 versibus
1757 805 1792 861 I,
1831 806 1954 851 1014

252 883 436 930 -1051
478 882 661 942 pariter
693 882 766 928 uti
799 882 969 942 potuit.
1024 881 1161 929 Hanc
1195 897 1303 928 eum
1335 882 1592 942 sumpsisse
1619 882 1745 928 viam
1765 885 1822 927 ut
1843 896 1954 928 cen-

252 972 409 1014 seam,
458 957 674 1004 adducor
712 971 854 1003 versu
902 956 1022 1003 1052
1067 971 1170 1017 sqq.
1245 955 1369 1004 Nam
1412 957 1453 1003 si
1502 961 1646 1004 antea
1690 956 1750 1003 de
1783 955 1954 1003 Stoicis

251 1049 404 1080 sermo
438 1032 650 1079 nondum
681 1031 852 1088 fuerat,
890 1048 997 1078 eum
1030 1048 1069 1078 v.
1108 1034 1230 1079 1053
1265 1038 1351 1079 aut
1383 1033 1651 1080 Stoicorum
1672 1048 1844 1079 nomen
1866 1046 1952 1092 ap—

249 1108 544 1170 pellaturum
590 1113 676 1154 aut
721 1113 851 1154 certe
895 1108 958 1155 ad
1002 1108 1200 1155 verbum
1235 1108 1463 1166 „dicunt“
1496 1108 1780 1156 vocabulum
1814 1107 1952 1168 „qui-

251 1185 391 1231 dam“
437 1184 769 1244 appositurum
812 1183 958 1230 fuisse
998 1184 1280 1243 putaverim,
1327 1183 1384 1231 cf.
1426 1184 1461 1241 I,
1495 1185 1603 1241 371,
1650 1183 1709 1241 Π,
1748 1183 1851 1240 165,
1895 1182 1952 1240 V,

250 1260 356 1307 320.
423 1259 560 1316 Quod
593 1260 634 1306 si
665 1264 796 1306 recte
829 1260 926 1306 iam
958 1275 1028 1305 vv.
1066 1259 1376 1307 1014-1051
1418 1260 1478 1306 de
1524 1258 1695 1308 Stoicis
1736 1257 1953 1305 refutan-

250 1335 325 1381 dis
359 1335 437 1394 agi
471 1335 591 1390 dico,
626 1334 879 1381 Lucretius
912 1335 975 1381 ad
1008 1334 1134 1381 hanc
1179 1335 1641 1395 argumentationem
1683 1349 1952 1395 proponen-

251 1410 363 1456 dam
397 1409 603 1470 perbene
638 1410 711 1455 uti
743 1411 903 1470 potuit
935 1427 1005 1456 vv.
1038 1410 1096 1466 Π,
1131 1411 1380 1457 529-531
1416 1411 1652 1457 sententia
1686 1409 1953 1457 Stoicorum

249 1485 418 1547 paucis
453 1485 670 1546 exposita
701 1485 770 1533 sic
802 1484 901 1533 fere
933 1501 1163 1547 pergens:
1198 1491 1398 1544 „contra
1430 1490 1579 1547 quos“
1614 1483 1688 1533 vel
1722 1499 1954 1545 „quorum

249 1562 375 1608 ratio
411 1576 557 1621 quam
600 1576 825 1622 perversa
871 1562 948 1619 sit,
996 1567 1052 1609 ut
1091 1563 1342 1623 pervideas
1386 1590 1446 1595 —
1492 1561 1749 1609 suavidicis
1792 1560 1954 1621 potius

250 1652 397 1698 quam
448 1636 613 1684 multis
662 1637 877 1686 versibus
926 1638 1174 1686 ostendam
1229 1637 1511 1700 corpuscula
1558 1637 1777 1686 materiai
1832 1640 1952 1684 etc.“

250 1712 437 1758 Deinde
480 1715 592 1772 post
623 1728 662 1758 v.
696 1712 755 1768 Π,
802 1713 896 1759 532
936 1715 1005 1760 sic
1052 1713 1151 1759 fere
1197 1714 1493 1774 pergendum
1536 1719 1664 1760 erat:
1712 1712 1872 1772 „quod
1913 1713 1954 1758 si

250 1792 444 1848 praeter
481 1787 608 1834 hanc
650 1801 883 1834 summam
927 1804 1087 1835 rerum
1130 1790 1180 1835 in
1223 1788 1409 1836 infinito
1454 1790 1611 1849 spatio
1654 1787 1788 1835 nulla
1830 1792 1956 1835 esset

250 1862 491 1919 materies,
526 1877 616 1908 nec
646 1876 779 1909 mare
811 1877 899 1910 nec
933 1863 1076 1911 tellus
1108 1880 1262 1925 neque
1295 1865 1416 1912 caeli
1447 1864 1610 1912 lucida
1631 1862 1812 1925 templa
1833 1866 1953 1910 etc.“

933 1985 994 2044 Π,
1028 1986 1295 2033 652-660,

378 2087 551 2133 Munro
601 2101 671 2131 vv.
713 2085 966 2132 652-654
1013 2092 1123 2147 post
1167 2103 1206 2133 v.
1253 2088 1347 2134 660
1398 2087 1574 2148 posuit,
1627 2090 1676 2133 et
1720 2085 1783 2132 ad
1829 2086 1955 2134 hanc

254 2163 677 2223 transpositionem
719 2162 822 2221 ipse
867 2162 988 2209 haec
1034 2164 1306 2210 adnotavit:
1364 2162 1476 2219 „the
1524 2163 1727 2223 itaque
1771 2162 1824 2209 of
1862 2162 1952 2209 661

254 2237 542 2299 manyfestly
573 2236 724 2284 refers
756 2242 806 2284 to
839 2237 997 2294 them3
1039 2253 1090 2286 so
1123 2239 1232 2286 that
1264 2238 1306 2285 if
1332 2238 1448 2301 they
1480 2253 1563 2285 are
1594 2242 1646 2284 to
1678 2237 1797 2298 keep
1830 2237 1957 2284 their

255 2313 393 2373 place
425 2312 557 2369 then,
594 2312 744 2374 (what
778 2329 934 2360 comes
967 2319 1017 2360 to
1051 2315 1197 2361 much
1228 2315 1312 2361 the
1345 2330 1476 2361 same
1509 2313 1670 2374 thing)
1706 2313 1953 2360 652-657
2043 2360 2052 2364 ,

259 2388 339 2451 (=
360 2387 613 2437 655———660
626 2386 701 2449 B.)
719 2393 850 2435 must
871 2388 931 2436 be
965 2389 1186 2437 enclosed
1208 2391 1258 2437 in
1290 2389 1515 2438 brackets
1537 2404 1591 2437 as
1613 2404 1644 2437 a
1665 2388 1959 2449 subsequent

261 2464 499 2524 marginal
534 2462 753 2509 addition
787 2462 840 2509 of
867 2463 951 2510 the
983 2466 1179 2524 poet's.“
1235 2465 1305 2512 Ac
1339 2471 1466 2512 certe
1491 2480 1561 2511 vv.
1586 2464 1838 2511 655-660
1868 2479 1958 2509 un-

260 2540 328 2585 cis
361 2539 522 2599 potius
554 2537 831 2584 includendi
865 2554 1010 2598 quam
1044 2541 1386 2600 transponendi
1430 2545 1554 2587 sunt.
1629 2538 1792 2586 Nexus
1814 2572 1817 2574 v
1836 2539 1960 2584 enim

260 2614 605 2661 sententiarum
626 2612 707 2659 hic
741 2628 842 2660 esse
875 2613 1042 2662 debet:
1078 2615 1241 2673 „Quae
1263 2632 1293 2662 a
1325 2617 1479 2676 poetis
1512 2616 1575 2663 ad
1607 2620 1786 2662 terram
1816 2614 1960 2660 deum

259 2690 598 2749 hominumque
630 2692 835 2735 matrem
869 2689 1203 2738 celebrandam
1236 2698 1431 2740 cantata
1453 2698 1579 2751 sunt,
1612 2691 1733 2739 bene
1767 2689 1961 2751 quidem

261 2770 311 2811 et
346 2765 514 2810 eximie
546 2765 741 2811 inventa
772 2780 927 2825 neque
960 2771 1120 2814 tamen
1155 2783 1268 2814 vera
1300 2774 1424 2816 sunt.
1491 2768 1655 2816 Omnis
1688 2767 1813 2814 enim
1845 2764 1959 2812 deo-

259 2856 368 2887 rum
401 2846 576 2886 natura
609 2855 638 2884 a
670 2841 813 2886 rebus
847 2841 1069 2888 humanis
1115 2843 1255 2903 longe
1287 2850 1469 2892 semota
1502 2849 1587 2901 est,
1636 2850 1769 2890 terra
1800 2847 1961 2889 autem

260 2916 352 2963 dea
381 2915 572 2962 omnino
606 2931 698 2962 non
732 2922 849 2964 est.“
912 2918 1083 2977 Itaque
1116 2934 1146 2965 a
1178 2936 1218 2966 v.
1244 2921 1332 2967 651
1369 2921 1533 2967 statim
1566 2920 1629 2966 ad
1661 2935 1700 2965 v.
1725 2918 1817 2965 652
1849 2933 1962 2977 pro-

260 2989 576 3051 grediendum
610 3006 713 3038 esse
746 2999 960 3054 apparet.
1026 2994 1282 3042 Praeterea
1313 3000 1423 3055 post
1455 3011 1524 3041 vv.
1556 2992 1821 3049 655-660,
1855 2992 1962 3053 qui-

369 3143 399 3194 ¹)
427 3143 479 3184 cf.
508 3144 625 3194 Diog.
655 3144 698 3183 L.
729 3145 815 3193 VII,
853 3148 936 3185 140.
