2118 3522
1025 185 1051 230 7

188 328 378 372 tantum
409 321 538 370 locos
569 327 780 370 tractare
813 322 970 381 liceat,
1005 322 1179 384 quibus
1210 323 1423 372 homines
1456 322 1586 371 docti
1629 338 1723 371 non
1753 329 1885 371 recte

187 399 436 447 videantur
467 399 830 460 transposuisse.

312 495 399 541 His
431 496 738 555 praemonitis
770 495 866 541 iam
899 494 961 541 ad
1002 494 1213 555 singulos
1244 494 1373 542 locos
1396 495 1677 542 accedamus
1712 496 1884 542 carmi-

186 570 259 616 nis
290 569 441 631 ipsius
474 569 689 617 ordinem
721 570 884 617 secuti.

734 779 779 839 1,
828 780 1040 834 50—613
1078 779 1337 826 136—148.

307 925 379 970 De
401 924 511 970 libri
534 924 567 969 Ι.
592 923 831 983 prooemio
853 922 1068 969 homines
1092 922 1219 969 docti
1253 923 1595 970 diversissimas
1618 926 1878 971 sententias

178 999 494 1061 protulerunt.
569 998 643 1045 Ab
703 1014 800 1044 una
841 1003 981 1058 parte
1026 1003 1239 1045 extrema
1295 1003 1394 1045 stat
1436 997 1876 1055 Bockemuellerus;

180 1075 263 1136 qui
295 1090 388 1122 non
422 1074 574 1121 solum
606 1090 675 1120 vv.
703 1074 964 1130 102—135,
1000 1073 1178 1134 quippe
1202 1074 1284 1133 qui
1306 1074 1355 1119 in
1378 1075 1617 1135 prooemio
1640 1075 1703 1121 ad
1726 1075 1875 1122 Mem-

177 1151 325 1198 mium
355 1151 498 1198 misso
531 1151 688 1198 locum
721 1165 815 1197 non
847 1149 1058 1196 habeant
1104 1154 1152 1196 et
1185 1150 1354 1210 scripti
1388 1150 1497 1207 sint,
1533 1166 1628 1210 quo
1661 1156 1875 1212 tempore

177 1227 430 1275 Lucretius
465 1242 572 1274 cum
603 1225 823 1273 Memmio
847 1224 1225 1272 familiaritatem
1257 1225 1466 1273 nondum
1497 1226 1674 1283 inierit,
1710 1242 1740 1273 a
1763 1242 1874 1274 con-

176 1303 404 1350 tinuitate
454 1303 676 1349 carminis
724 1300 1039 1360 seiungendos
1091 1315 1192 1346 esse
1243 1306 1397 1360 putat,
1451 1301 1534 1347 sed
1579 1302 1724 1348 etiam
1758 1303 1872 1359 eius,

176 1378 305 1439 quod
338 1378 399 1425 ad
434 1378 708 1425 Memmium
739 1377 935 1423 missum
968 1376 1044 1432 sit,
1091 1376 1319 1436 prooemii
1361 1391 1506 1423 unam
1547 1382 1735 1438 partem
1782 1378 1872 1439 (vv.

175 1454 386 1516 50—61)
431 1453 835 1514 transponendam
880 1467 981 1499 esse
1024 1457 1194 1499 censet.
1271 1451 1455 1498 Medias
1500 1458 1663 1512 partes
1706 1459 1873 1501 tenent

175 1528 416 1577 Jessenius
473 1527 856 1591 (Jahresbericht
914 1528 998 1575 der
1047 1526 1206 1574 Kieler
1258 1526 1682 1575 Gelehrtenschule
1735 1529 1870 1587 1872,

173 1620 282 1666 pag.
315 1606 377 1651 20
413 1606 580 1665 seqq.),
614 1605 867 1664 Briegerus
901 1604 1090 1666 (Philol.
1124 1604 1200 1659 23,
1235 1603 1327 1649 456
1350 1603 1518 1664 seqq.),
1554 1603 1870 1651 Stuerenbur-

174 1696 262 1741 gus
298 1680 440 1741 (Acta
481 1696 573 1727 soc.
619 1680 734 1741 phil.
768 1680 998 1740 Lipsiens.
1036 1678 1170 1734 1874,
1216 1677 1274 1733 Π,
1322 1678 1414 1724 373
1454 1680 1645 1740 seqq..):
1693 1682 1776 1741 qui
1817 1683 1866 1728 in

173 1756 391 1803 omnibus
423 1757 652 1816 prooemii
684 1756 903 1816 partibus
949 1753 1283 1814 componendis
1316 1758 1507 1813 poetam
1550 1761 1662 1803 ante
1705 1758 1867 1805 oculos

170 1830 395 1877 habuisse
427 1830 712 1887 Memmium,
744 1830 996 1877 nonnullas
1030 1834 1189 1877 autem
1222 1844 1316 1875 non
1349 1830 1467 1876 satis
1500 1836 1612 1891 apte
1647 1834 1869 1880 carminis

172 1907 477 1953 continuitati
509 1906 653 1952 inseri
685 1921 824 1966 posse
857 1911 941 1952 aut
973 1904 1351 1964 transponendas
1387 1920 1487 1952 esse
1522 1914 1727 1954 censent.
1794 1909 1867 1956 Ab

169 1980 323 2029 altera
356 1981 560 2042 denique
594 1986 733 2042 parte
767 1987 979 2029 extrema
1011 1986 1110 2028 stat
1143 1979 1404 2027 Vahlenius
1439 1981 1866 2043 (Monatsberichte

169 2056 254 2103 der
286 2057 498 2104 Berliner
519 2057 665 2104 Acad.
704 2057 839 2115 1877,
873 2073 980 2118 pag.
1004 2058 1097 2104 479
1131 2058 1299 2119 seqq.),
1336 2058 1419 2117 qui
1452 2073 1613 2106 omnes
1637 2062 1865 2120 prooemii

167 2138 331 2193 partes
366 2148 451 2179 suo
484 2133 648 2179 ordine
681 2133 816 2180 nobis
849 2133 1053 2179 traditas
1088 2148 1342 2192 omnesque
1387 2149 1445 2180 ex
1476 2149 1570 2181 uno
1605 2136 1864 2197 eodemque

166 2212 336 2269 poetae
370 2207 563 2255 consilio
595 2207 788 2255 fluxisse
822 2208 1034 2255 evincere
1068 2207 1265 2254 studuit.

292 2303 411 2349 Eam
434 2309 562 2350 certe
585 2303 963 2350 Bockemuelleri
985 2304 1266 2364 opinionem,
1302 2319 1398 2364 qua
1422 2320 1490 2349 vv.
1520 2304 1769 2352 102—135
1805 2322 1862 2352 ex

167 2379 389 2427 carminis
423 2379 735 2427 continuitate
768 2378 1003 2427 tollendos
1049 2394 1151 2427 esse
1194 2384 1350 2441 putat,
1386 2374 1672 2427 accuratius
1717 2396 1746 2428 a
1787 2398 1861 2428 me

163 2454 367 2501 refutari
398 2470 517 2515 opus
550 2470 643 2501 non
678 2460 763 2512 est,
812 2471 920 2502 cum
959 2455 1216 2501 maximam
1258 2459 1445 2514 partem
1488 2470 1545 2501 ex
1589 2455 1712 2502 falsa
1760 2458 1860 2504 eius

163 2530 223 2576 de
256 2531 404 2577 totius
440 2532 661 2577 carminis
695 2531 970 2578 condicione
1002 2531 1239 2578 sententia
1281 2535 1397 2577 nata
1428 2531 1492 2577 sit
1535 2530 1615 2592 (cf.
1650 2531 1859 2592 Brieger.

161 2605 391 2653 Bursians
423 2605 813 2654 Jahresberichte
849 2605 984 2662 1876,
1018 2605 1076 2662 Π,
1116 2605 1241 2668 162).
1322 2605 1494 2652 Omnes
1537 2611 1698 2653 autem
1731 2608 1858 2655 diffi-

163 2681 366 2728 cultates
399 2681 585 2741 positae
619 2688 731 2729 sunt
764 2698 871 2729 cum
904 2682 951 2727 in
984 2681 1194 2728 Memmii
1228 2681 1550 2742 appellatione
1583 2682 1858 2731 desiderata

159 2761 263 2804 tum
294 2756 343 2802 in
376 2772 445 2803 vv.
468 2756 654 2803 50—61
692 2761 740 2803 et
777 2756 1024 2804 136-145
1049 2756 1349 2804 coHocandis.
1406 2756 1587 2813 Quibus
1621 2757 1680 2804 de
1713 2759 1856 2806 rebus

158 2831 443 2878 Vahlenium
475 2832 627 2878 multa
656 2831 793 2878 illum
824 2832 1016 2892 quidem
1048 2838 1179 2879 recte
1212 2833 1275 2879 ad
1303 2833 1516 2892 Briegeri
1550 2838 1598 2879 et
1630 2833 1854 2880 Stueren-

158 2907 299 2967 burgi
332 2907 591 2954 sententias
612 2905 894 2954 refutandas
916 2907 1135 2955 attulisse
1157 2912 1300 2968 puto3
1335 2907 1420 2954 sed
1440 2908 1598 2955 nescio
1621 2923 1683 2954 an
1705 2909 1854 2956 inter-

156 2983 425 3044 pretatione
458 2998 545 3029 sua
576 2983 815 3029 interdum
849 2998 929 3030 eas
962 2999 1086 3043 quae
1118 2983 1213 3030 illis
1253 2981 1498 3030 offensioni
1542 2982 1735 3031 fuerunt
1777 3001 1853 3032 res

157 3059 454 3105 excusaverit
498 3059 650 3120 magis
692 3074 837 3119 quam
883 3059 1072 3106 omnino
1119 3058 1387 3107 offensionis
1421 3074 1588 3106 causas
1622 3075 1716 3107 non
1750 3076 1852 3108 esse

154 3132 439 3195 probaverit.
