2118 3522
1024 210 1083 256 14

197 348 371 407 quibus
393 349 599 394 certiora
618 347 736 392 mihi
752 347 916 393 videar
947 346 1117 393 afferre
1139 362 1293 407 posse,
1328 365 1492 396 versus
1514 350 1621 395 dico
1643 348 1751 404 518,
1786 347 1894 402 519,

194 423 303 480 531,
338 438 457 483 quos
480 421 863 483 Stuerenburgus
895 437 1004 483 pag.
1038 423 1132 470 425
1151 438 1282 484 seqq.
1316 424 1378 472 ab
1410 424 1762 486 interpolatore,
1784 437 1895 483 pro-⁴

195 498 345 545 sectos
379 513 481 544 esse
515 498 842 544 demonstrare
874 498 1074 544 studuit.

321 574 389 620 Ac
422 574 628 632 primum
661 573 854 632 quidem
888 573 947 619 de
979 588 1119 619 versu
1152 574 1268 621 531:

382 648 443 695 id
497 647 655 709 quod
712 648 826 695 iam
879 663 1072 709 supra
1120 647 1233 696 tibi
1290 648 1469 711 paulo
1525 647 1894 695 ostendimus

447 729 583 770 ante

194 800 377 847 duabus
411 800 643 860 imprimis
678 799 738 846 de
772 801 929 848 causis
962 802 1275 862 suspicionem
1314 806 1491 849 movet:
1525 801 1732 860 primum
1764 799 1894 859 quod

191 874 455 931 Lucretius,
490 875 530 920 si
565 888 642 920 res
664 875 760 921 iam
794 880 938 922 antea
969 876 1320 924 demonstratas
1353 876 1486 934 citat,
1521 890 1781 936 numquam
1814 891 1893 923 61·-

192 957 418 1010 gumenta
448 952 556 1010 ipsa
588 950 737 996 addit.
803 951 987 998 Deinde
1020 953 1203 999 nullum
1237 954 1422 1000 omnino
1465 958 1577 998 ante
1609 969 1650 999 v.
1684 953 1777 999 520
1811 968 1892 998 ex-

191 1031 320 1073 stare
368 1026 524 1072 locum
572 1025 896 1084 demonstrat,
952 1027 1035 1074 ubi
1068 1029 1330 1089 primordia
1362 1033 1559 1090 propter
1602 1027 1892 1075 soliditatem

190 1108 384 1149 aeterna
417 1117 519 1148 esse
553 1102 918 1148 demonstretur.
1001 1103 1136 1158 Eum,
1184 1106 1266 1163 qui
1311 1105 1557 1164 scripserit
1599 1120 1640 1150 v.
1672 1103 1780 1159 531,
1831 1103 1892 1148 de

188 1177 401 1225 versibus
434 1181 621 1223 tantum
653 1176 746 1223 518
784 1181 833 1224 et
864 1176 957 1224 519
991 1178 1203 1237 cogitare
1236 1179 1466 1238 potuisse,
1500 1179 1584 1238 qui
1620 1183 1668 1225 et
1700 1179 1795 1238 ipsi
1828 1177 1889 1225 ab

188 1252 531 1313 interpolatore
564 1251 767 1312 profecti
812 1253 908 1298 sint
959 1259 1008 1299 et
1052 1254 1314 1313 primordia
1353 1259 1552 1313 propter
1600 1253 1891 1300 soliditatem

188 1334 385 1376 aeterna
419 1343 521 1376 esse
555 1343 650 1375 non
682 1327 1009 1375 demonstrent
1041 1329 1126 1375 sed
1148 1327 1389 1376 affirment
1410 1334 1610 1376 tantum.
1664 1328 1752 1375 His
1776 1344 1890 1376 cau—

186 1406 251 1451 sis
286 1405 491 1464 denique
525 1403 775 1460 accedere,
811 1405 940 1463 quod
973 1405 1227 1452 Lucretius
1260 1405 1457 1465 reliquis
1479 1404 1612 1461 locis,
1645 1404 1729 1451 ubi
1762 1404 1889 1451 idem

186 1486 273 1528 aut
306 1480 473 1526 similis
505 1497 547 1526 v.
581 1480 864 1536 inveniatur,
900 1481 1148 1540 scripserit
1180 1495 1245 1528 su
1262 1498 1429 1541 pera,
1474 1481 1566 1528 hoc
1605 1479 1708 1527 loco
1753 1480 1887 1528 codd.

185 1555 444 1602 exhibeant
477 1570 670 1615 supra.

311 1631 500 1676 Priores
533 1631 659 1676 duae
694 1645 866 1677 causae
900 1636 1029 1677 certe
1063 1631 1318 1678 admodum
1351 1645 1520 1689 graves
1553 1636 1684 1687 sunt,
1732 1646 1887 1689 neque

184 1711 346 1753 tamen
379 1710 578 1766 propter
613 1719 693 1753 eas
724 1706 991 1753 necessario
1025 1722 1065 1752 v.
1099 1706 1189 1753 531
1226 1705 1557 1766 interpolatori
1600 1705 1885 1753 tribuendus

185 1787 282 1835 est3
317 1781 401 1826 sed
435 1796 543 1826 cum
576 1780 827 1839 permultis
859 1780 975 1827 locis
1011 1797 1080 1827 vv.
1115 1782 1392 1827 Lucretiani
1435 1780 1555 1826 falso
1597 1781 1701 1827 loco
1740 1780 1884 1840 positi

182 1856 290 1913 sint,
327 1855 528 1916 cogitari
562 1856 706 1902 etiam
738 1860 899 1917 potest
931 1872 1000 1903 vv.
1034 1856 1286 1905 532—539
1319 1872 1378 1904 ex
1412 1856 1505 1904 alio
1538 1856 1673 1918 (ante
1705 1872 1744 1903 v.
1767 1856 1882 1919 520)

181 1932 285 1979 1000
307 1933 387 1979 1110
409 1933 671 1992 irrepsisse,
707 1937 756 1978 et
787 1931 915 1978 hunc
943 1933 1101 1992 ipsum
1133 1933 1290 1980 locum
1323 1948 1425 1979 esse
1459 1947 1579 1988 eum,
1614 1947 1757 1991 quem
1785 1931 1882 1978 Lu-

182 2008 360 2054 cretius
400 2024 439 2054 v.
472 2007 563 2054 531
600 2008 650 2053 111
693 2007 887 2054 lectoris
934 2008 1144 2054 animum
1188 2023 1411 2055 revocare
1455 2006 1670 2054 voluerit.
1745 2006 1881 2063 Eum,

180 2082 262 2129 ubi
296 2100 365 2129 vv.
398 2083 650 2130 532—539
685 2082 1032 2140 desiderentur,
1066 2083 1225 2130 locum
1257 2088 1367 2144 post
1400 2099 1441 2129 v.
1464 2083 1557 2129 519
1593 2096 1694 2129 esse
1716 2082 1881 2129 statim

178 2157 443 2219 apparebit.

305 2234 621 2281 Transeamus
652 2235 802 2295 igitur
833 2233 896 2281 ad
930 2250 998 2280 vv.
1032 2233 1126 2280 518
1161 2239 1210 2280 et
1243 2235 1363 2281 519:

370 2310 662 2356 materies
695 2310 882 2370 igitur
927 2308 1117 2356 solido
1162 2324 1308 2370 quae
1351 2323 1599 2370 corpore
1642 2311 1880 2356 constat

372 2400 500 2432 esse
536 2390 788 2433 aeterna
809 2391 1028 2447 potest,
1065 2401 1192 2434 cum
1215 2391 1418 2434 cetera
1440 2383 1877 2439 dissoluantur,

178 2476 297 2519 quos
331 2460 717 2521 Stuerenburgus
749 2461 826 2508 his
859 2462 920 2508 de
953 2462 1111 2508 causis
1140 2463 1328 2521 spurios
1350 2475 1453 2508 esse
1474 2464 1640 2521 putatz
1672 2459 1878 2519 primum

177 2535 347 2584 falsam
382 2551 484 2583 esse
516 2536 688 2583 horum
719 2553 790 2584 vv.
814 2536 1162 2584 conclusionem
1174 2554 1186 2592 3
1219 2551 1330 2583 nam
1353 2552 1411 2583 ex
1433 2534 1720 2597 praemissiS,
1753 2547 1878 2594 quae

179 2613 511 2658 contineantur
557 2628 628 2658 vv.
662 2612 916 2659 513—515
960 2618 1009 2659 et
1051 2612 1146 2659 516
1190 2617 1239 2658 et
1278 2612 1385 2669 517,
1427 2610 1546 2657 nihil
1586 2608 1719 2657 aliud
1764 2623 1876 2657 con-

178 2687 306 2734 cludi
339 2702 476 2748 posse
509 2703 678 2747 quam:
712 2689 976 2749 primordia
1008 2688 1162 2736 solida
1195 2703 1252 2735 ac
1285 2688 1386 2735 sine
1418 2687 1549 2734 inani
1584 2701 1709 2742 esse3
1749 2684 1876 2732 hanc

178 2768 339 2809 autem
387 2763 735 2810 conclusionem
778 2769 888 2823 post
930 2781 970 2810 v.
1004 2765 1095 2811 517
1141 2764 1305 2810 deesse
1353 2778 1513 2823 posse,
1572 2778 1679 2809 cum
1732 2765 1877 2821 poeta

175 2855 245 2885 vv.
268 2839 359 2885 511
397 2843 445 2884 et
465 2838 558 2885 512
592 2839 734 2886 huius
766 2840 1036 2900 argumenti
1068 2854 1300 2886 summam
1331 2839 1427 2885 iam
1448 2838 1647 2885 dederit.
1691 2836 1875 2883 Deinde

172 2914 451 2961 Lucretium
474 2914 681 2961 scribere
703 2930 796 2962 non
819 2916 1052 2976 potuisse:
1087 2920 1345 2962 aeterna
1377 2929 1501 2961 esse
1535 2917 1751 2973 potest,
1784 2911 1870 2960 sed

172 2989 477 3039 scribendum
508 2988 654 3037 fuisse
687 2997 742 3038 ut
774 3008 814 3039 v.
848 2991 966 3039 539:
1013 2992 1093 3038 sit
1125 2996 1366 3038 aeterna
1397 2993 1712 3037 necessest.
1778 2988 1873 3036 De-

171 3068 315 3127 nique
348 3066 600 3113 materiam
635 3067 845 3113 ceteris
878 3068 907 3113 i.
931 3083 969 3113 6.
994 3068 1076 3125 618,
1110 3082 1233 3126 (11166
1267 3082 1292 3112 6
1325 3066 1522 3113 materie
1546 3064 1872 3123 concilientur,

171 3144 348 3203 opponi
380 3157 475 3190 non
508 3156 660 3201 posse.
