2118 3522
317 903 633 964 Permagnum
665 919 912 952 numerum
946 903 1166 950 carminis
1199 902 1475 949 Lucretiani
1518 918 1741 968 versuum
1773 919 1886 964 par-

189 979 278 1029 tim
312 979 575 1026 scribarum
608 993 767 1025 errore
799 978 975 1039 partim
1015 978 1157 1038 primi
1200 977 1396 1024 editoris
1429 976 1732 1038 neglegentia
1765 977 1885 1025 falso

188 1055 292 1103 loco
326 1055 558 1101 traditum
592 1069 706 1109 esse,
741 1069 835 1100 non
860 1060 933 1100 est
955 1054 1084 1113 quod
1105 1068 1334 1100 moneam.
1389 1052 1523 1099 Elius
1545 1055 1732 1113 generis
1753 1071 1885 1101 men-

191 1130 362 1178 dorum
394 1134 522 1177 certe
553 1128 763 1176 maxima
795 1143 907 1189 pars
942 1145 1050 1176 cum
1082 1134 1192 1176 ante
1213 1128 1571 1176 Lachmannum
1605 1133 1653 1175 et
1673 1128 1885 1191 Bernay-

191 1207 313 1260 sium
346 1210 449 1252 tum
481 1204 653 1251 horum
684 1204 858 1250 eximia
890 1219 1037 1264 opera
1076 1203 1267 1251 sublata
1301 1208 1393 1258 est3
1436 1202 1578 1251 huius
1612 1211 1772 1252 autem
1804 1221 1886 1265 ge-

191 1282 318 1328 neris
351 1279 525 1327 menda
557 1279 627 1326 illi
659 1279 900 1340 permulta
934 1279 1216 1340 corrigenda
1246 1277 1557 1338 reliquerunt.

316 1354 439 1401 Nam
472 1370 551 1401 ars
586 1355 753 1401 critica
783 1356 834 1400 in
867 1354 1077 1401 Lucretii
1119 1355 1327 1401 carmine
1371 1353 1592 1400 facienda
1632 1359 1888 1415 propterea

189 1433 239 1478 in
263 1445 447 1478 summa
469 1429 753 1477 difficultate
777 1436 861 1487 est,
897 1429 1027 1489 quod
1060 1434 1162 1476 tam
1195 1430 1329 1476 varia
1362 1430 1464 1475 eius
1485 1429 1657 1476 menda
1691 1434 1739 1476 et
1771 1430 1888 1476 vitia

191 1511 305 1553 sunt
312 1524 324 1561 3
360 1521 512 1565 neque
548 1506 673 1551 enim
706 1505 858 1551 30111111
891 1510 1053 1551 textus
1087 1506 1170 1564 qui
1204 1505 1381 1552 dicitur
1422 1505 1687 1552 scribarum
1725 1504 1887 1565 negle-

192 1581 355 1642 gentia
400 1585 449 1627 et
490 1578 888 1640 interpolatorum
932 1579 1004 1626 vel
1046 1579 1401 1641 interpolatoris
1439 1580 1681 1626 industria
1724 1579 1887 1626 admo-

191 1657 305 1703 dum
339 1660 593 1716 corruptus
629 1660 714 1711 est,
750 1655 833 1701 sed
866 1656 1011 1702 etiam
1044 1672 1233 1703 carmen
1266 1672 1296 1703 a
1316 1656 1540 1703 Lucretio
1571 1657 1676 1716 ipso
1708 1656 1884 1715 imper-

191 1732 369 1780 fectum
402 1747 558 1791 neque
591 1731 708 1778 satis
731 1731 1004 1779 ordinatum
1035 1732 1257 1780 relictum
1280 1737 1364 1779 est.
1419 1731 1589 1793 Itaque
1611 1732 1886 1792 saepissime

190 1808 260 1865 fit,
293 1814 362 1864 ut,
400 1808 545 1854 etiam
577 1808 618 1852 si
651 1822 793 1866 quem
824 1806 982 1853 locum
1026 1823 1196 1854 sanum
1238 1823 1332 1855 non
1378 1822 1480 1854 esse
1524 1807 1764 1866 cognitum
1807 1808 1885 1863 sit,

190 1884 403 1931 dubitari
434 1888 594 1929 tamen
625 1882 789 1942 possit,
827 1882 1015 1929 cuinam
1048 1884 1210 1943 generi
1242 1883 1293 1929 id
1324 1882 1547 1929 mendum
1578 1881 1887 1929 tribuendum

191 1965 239 2007 et
287 1973 496 2019 quanam
542 1957 764 2003 medendi
808 1957 994 2003 ratione
1037 1958 1268 2004 utendum
1300 1959 1375 2004 sit.
1463 1957 1554 2005 Sed
1600 1973 1708 2004 cum
1753 1958 1887 2004 varia

191 2039 379 2080 exstare
410 2033 594 2089 menda,
629 2047 753 2091 quae
786 2048 816 2077 a
848 2032 1003 2091 prima
1025 2032 1231 2079 editione
1264 2033 1337 2079 vel
1370 2033 1431 2079 ab
1464 2032 1746 2092 imperfecta
1779 2047 1885 2079 car-

189 2109 330 2156 minis
365 2106 638 2155 condicione
670 2106 932 2168 repetenda
962 2107 1072 2164 sint,
1108 2123 1215 2154 eum
1248 2108 1330 2154 alii
1373 2113 1477 2154 tum
1511 2106 1804 2155 Susemihlus
1839 2113 1887 2154 et

191 2185 446 2244 Briegerus
470 2183 587 2229 satis
611 2183 754 2229 certis
777 2183 1069 2242 argumentis
1092 2187 1141 2229 et
1162 2184 1280 2230 satis
1302 2183 1466 2230 multis
1496 2182 1724 2243 exemplis
1759 2199 1886 2230 com-

190 2260 516 2322 probaverint:
549 2259 589 2305 si
623 2273 773 2305 nexus
806 2260 1150 2306 sententiarum
1181 2274 1325 2306 sanus
1357 2274 1452 2306 non
1484 2274 1585 2306 esse
1618 2274 1772 2319 neque
1808 2274 1885 2306 sa-

190 2337 255 2382 tis
286 2334 417 2382 facili
451 2333 779 2381 emendatione
813 2335 973 2382 sanari
1004 2350 1143 2396 posse
1176 2334 1375 2391 videtur,
1409 2334 1613 2381 maxime
1645 2334 1707 2381 de
1739 2334 1886 2381 versi-

189 2411 281 2458 bus
313 2408 681 2469 transponendis
731 2414 816 2455 aut
849 2415 987 2457 extra
1019 2411 1242 2457 carminis
1285 2410 1646 2457 continuitatem
1679 2409 1885 2469 scriptis,

190 2484 396 2534 secundo
429 2483 619 2530 demum
649 2483 753 2530 1000
788 2484 846 2530 (10
877 2484 1325 2546 interpolationibus
1372 2485 1572 2544 cogitari
1604 2498 1697 2530 non
1734 2483 1887 2530 30111111

188 2559 304 2608 licet
336 2559 420 2606 sed
451 2559 770 2606 necessarium
803 2564 887 2606 est.

316 2634 474 2694 Atque
514 2634 610 2680 iam
656 2634 907 2694 permultis
951 2633 1069 2682 locis
1112 2635 1324 2682 homines
1362 2634 1493 2682 docti
1532 2633 1886 2695 transponendo

190 2710 402 2757 Lucretii
436 2725 625 2757 carmen
658 2710 708 2755 in
730 2709 972 2756 meliorem
1004 2710 1326 2757 condicionem
1355 2710 1656 2771 redegerunt.
1714 2710 1791 2758 Sic
1826 2738 1885 2744 —-

191 2791 246 2832 ut
281 2800 444 2832 earum
476 2799 600 2844 quae
624 2790 735 2845 post
758 2785 1011 2832 editionem
1031 2785 1404 2847 Bernaysianam
1426 2786 1584 2833 factae
1606 2785 1680 2832 vel
1712 2801 1887 2846 propo-

190 2861 309 2909 titae
332 2861 429 2908 sint
442 2860 865 2920 transpositionum
884 2859 1137 2908 nonnullas
1158 2866 1347 2910 tantum
1369 2860 1579 2919 afferam,
1604 2877 1727 2922 quae
1743 2877 1887 2921 quam

188 2937 393 2984 maxime
437 2940 597 2982 certae
639 2935 891 2983 videantur
924 2964 984 2970 -—
1034 2936 1268 2996 Bergkius
1300 2953 1370 2983 vv.
1403 2937 1462 2993 Π,
1517 2937 1885 2995 11701)—1173

299 3092 328 3141 ¹)
355 3092 545 3131 Numeris
571 3093 665 3130 utor
694 3092 993 3141 Bernaysianis.
