2118 3522
1068 200 1097 247 8

361 342 429 391 Ut
461 342 667 403 primum
701 339 763 387 ad
795 355 864 385 vv.
903 338 1150 386 136—145
1183 354 1259 385 me
1292 343 1577 395 convertam,
1609 339 1650 385 si
1679 338 1933 399 Briegerus

235 435 265 465 a
296 435 337 464 v.
375 418 463 463 135
496 416 660 462 statim
692 415 754 461 ad
787 430 827 458 v.
856 413 945 458 146
978 412 1379 472 progrediendum
1412 428 1514 459 esse
1546 429 1934 474 uumquemque

234 492 377 542 semel
409 490 704 538 admonitum
738 487 898 535 videre
930 492 1073 548 putat
1086 524 1097 545 ,
1131 487 1172 535 si
1217 487 1602 550 Stuerenburgus
1648 505 1728 537 668
1759 504 1932 550 paren-

235 569 384 616 thesis
417 566 555 627 quasi
586 566 689 613 loco
722 566 849 611 inter
882 580 951 610 vv.
990 563 1079 610 135
1113 568 1162 610 et
1200 564 1290 611 146
1322 564 1632 625 interpositos
1666 580 1768 613 esse
1800 564 1933 623 dicit,

235 643 494 691 Vahlenius
528 646 688 688 autem
721 655 800 687 eos
834 640 1080 699 aptissime
1111 640 1195 687 ubi
1227 640 1397 687 traditi
1420 645 1533 687 sunt
1556 640 1936 688 collocatos-esse

236 723 414 767 censet:
461 731 637 772 vereor,
684 731 744 762 ne
776 729 854 761 res
887 714 950 762 ad
984 715 1036 761 id
1068 715 1226 763 redire
1259 715 1492 773 videatur,
1548 715 1608 763 de
1642 730 1737 776 quo
1770 715 1935 777 dispu-

235 794 433 841 tandum
467 807 561 837 non
595 805 697 837 esse
729 791 826 836 iam
857 795 1042 836 veteres
1076 791 1312 837 dixerunt.
1375 790 1636 837 Vahlenius
1685 796 1815 837 recte
1856 791 1937 837 ille

237 869 429 929 quidem
462 865 683 926 exposuit
714 865 803 911 hos
836 881 922 921 vv„
958 865 1132 925 quibus
1176 866 1428 914 Lucretius
1470 866 1530 912 de
1572 864 1938 912 difficultatibus

237 944 481 992 doctrinae
515 955 628 988 suae
662 954 877 987 sermone
909 939 1061 988 latino
1093 941 1409 989 illustrandae
1440 941 1760 1002 conqueritur,
1794 955 1940 1001 quam

237 1019 480 1080 aptissime
512 1017 561 1062 in
594 1015 689 1062 fine
718 1017 949 1076 prooemii
984 1016 1220 1064 collocari.
1278 1018 1370 1064 Sed
1403 1022 1514 1078 post
1544 1017 1632 1063 hos
1654 1032 1724 1063 vv.
1747 1021 1940 1077 poetam

239 1099 351 1155 apte
400 1093 461 1139 ad
511 1107 568 1138 ea
618 1106 742 1151 quae
787 1091 1080 1138 antecedunt
1124 1093 1297 1139 reverti
1332 1092 1547 1139 versibus
1583 1093 1830 1140 146—148
1862 1093 1941 1140 vix

238 1171 459 1230 cuiquam
491 1165 825 1228 persuadebit3
860 1172 1007 1226 atque
1037 1167 1129 1227 ipsi
1164 1167 1519 1215 concedendum
1553 1172 1626 1214 est
1646 1184 1688 1214 v.
1716 1168 1806 1215 146
1828 1183 1941 1229 par-

237 1245 434 1293 ticulam
468 1243 676 1302 ‚,igitur“
722 1241 818 1288 alio
857 1242 997 1288 modo
1035 1248 1319 1302 usurpatam
1352 1258 1453 1290 esse
1486 1248 1633 1303 atque
1667 1243 1839 1290 ceteris
1870 1243 1942 1290 16-

240 1322 306 1369 cis
323 1358 333 1377 ,
384 1318 558 1381 quibus
601 1317 754 1364 eidem
795 1322 895 1364 tres
936 1334 1006 1364 vv.
1055 1318 1372 1366 inveniuntur.
1449 1317 1617 1365 Nonne
1659 1318 1820 1379 potius
1861 1334 1943 1365 ex-

240 1395 528 1456 spectaveris
561 1393 842 1439 Lucretium
860 1429 870 1448 ,
927 1398 1189 1453 postquam
1233 1393 1491 1440 affirmavit
1533 1409 1584 1440 se
1624 1395 1838 1454 quemvis
1871 1394 1943 1441 la-

238 1472 399 1518 borem
430 1469 636 1516 libenter
671 1466 890 1523 sufferre,
925 1473 981 1514 ut
1002 1468 1213 1515 Memmii
1245 1469 1394 1516 menti
1428 1468 1559 1517 clara
1589 1468 1772 1516 lumina
1804 1484 1945 1530 prae-

240 1545 485 1606 panderet,
521 1543 688 1590 statim
720 1542 784 1589 ad
817 1542 1086 1589 doctrinam
1120 1544 1275 1604 ipsam
1308 1559 1610 1591 accessurum
1645 1549 1693 1591 et
1724 1543 1945 1590 Memmio

241 1621 371 1669 clara
413 1619 596 1667 lumina
640 1612 1003 1679 praepandendi
1058 1619 1249 1666 initium
1293 1619 1534 1668 facturum
1577 1619 1714 1668 esse?
1777 1619 1947 1680 Itaque

242 1712 429 1743 versum
475 1696 566 1742 145
611 1694 832 1754 excipere
876 1693 1021 1740 debet
1060 1712 1099 1741 v.
1150 1696 1252 1742 149.
1318 1695 1528 1743 Verbum
1572 1700 1733 1743 autem
1777 1696 1947 1742 cuius

244 1772 304 1833 (v.
342 1770 453 1832 149)
488 1769 550 1817 ἃᾶ
582 1774 736 1816 totam
770 1783 991 1815 versuum
1033 1770 1282 1818 143—145
1316 1771 1603 1818 sententiam
1648 1770 1950 1818 referendum

241 1847 453 1901 videtur3
503 1846 633 1906 quod
683 1848 723 1893 si
767 1847 875 1906 quis
920 1845 1075 1892 minus
1119 1851 1231 1907 apte
1277 1845 1380 1893 fieri
1423 1851 1575 1907 putet,
1620 1845 1741 1893 nihil
1774 1845 1948 1902 obstat,

244 1922 494 1982 quominus
526 1921 577 1967 id
613 1921 676 1968 ἃᾶ
711 1936 951 1968 carmen
987 1921 1050 1982 (v.
1087 1921 1200 1982 143)
1229 1920 1420 1968 referat.

368 1995 506 2044 Nunc
530 1997 569 2043 si
595 1997 886 2056 quaerimus,
913 1996 1030 2056 quid
1053 1996 1326 2043 faciendum
1356 1997 1419 2043 sit
1441 1985 1654 2044 versibus
1681 1997 1951 2044 146—*1482

248 2088 355 2118 cum
389 2073 455 2118 eis
491 2071 808 2132 coniungendi
841 2077 979 2128 sunt,
1031 2072 1315 2132 quibuscum
1359 2061 1623 2119 arctissime
1668 2087 1747 2120 eos
1782 2071 1951 2120 cohae-

249 2164 354 2194 rere
386 2148 640 2207 Briegerus
675 2153 725 2194 et
759 2147 1143 2208 Stuerenburgus
1175 2154 1474 2195 monuerunt.
1549 2148 1710 2195 Etiam
1754 2153 1865 2194 ante
1911 2165 1952 2194 v.

254 2224 344 2271 136
366 2223 611 2284 aptissime
634 2223 954 2278 collocantur3
989 2228 1250 2270 naturae
1275 2224 1654 2286 enim⁴species
1689 2228 1743 2270 et
1775 2224 1951 2280 ratio,

255 2315 312 2345 ex
361 2299 536 2358 quibus
585 2299 799 2346 Lucretii
849 2298 1070 2346 doctrina
1120 2300 1382 2359 composita
1431 2304 1523 2355 est,
1581 2314 1606 2345 e
1640 2298 1955 2346 Graiorum

254 2374 525 2420 obscuris
558 2375 824 2434 repertis
858 2379 1091 2421 constant.
1171 2373 1476 2421 Necessarios
1521 2374 1716 2433 quidem
1758 2391 1827 2420 vv.
1865 2375 1955 2421 146

256 2448 411 2495 —148
444 2449 570 2495 inter
602 2466 642 2495 v.
682 2448 770 2496 135
806 2453 854 2497 et
886 2466 926 2495 v.
965 2449 1055 2496 136
1088 2464 1181 2496 non
1217 2464 1319 2496 esse
1360 2448 1566 2497 libenter
1599 2449 1828 2506 conced03
1861 2449 1956 2498 ita-

255 2540 347 2584 que
393 2526 433 2571 si
482 2526 588 2584 quis
638 2540 716 2571 eos
760 2540 789 2572 a
823 2525 1045 2571 Lucretio
1090 2524 1181 2571 hoc
1222 2525 1327 2572 loco
1371 2539 1465 2571 non
1509 2525 1726 2585 scriptos,
1775 2525 1861 2572 sed
1893 2526 1955 2573 ab

254 2600 596 2659 interpolatore
643 2616 667 2647 e
710 2600 832 2648 libro
876 2599 933 2646 II.
980 2600 1214 2661 (59—61)
1260 2600 1333 2646 vel
1376 2599 1457 2645 111.
1508 2599 1741 2661 (91—93)
1773 2600 1846 2647 vel
1878 2601 1956 2648 VI.

256 2673 490 2737 (39—41)
536 2675 735 2722 iteratos
780 2680 829 2722 et
872 2675 935 2722 ad
967 2691 1036 2722 vv.
1076 2676 1167 2722 144
1209 2680 1257 2722 et
1303 2675 1393 2722 145
1436 2674 1641 2736 margini
1690 2674 1958 2737 adscriptos

257 2766 359 2797 esse
393 2750 537 2806 dicet,
586 2765 681 2796 non
713 2750 913 2807 habebo,
968 2767 1063 2810 quo
1115 2752 1214 2810 ejus
1265 2751 1551 2797 sententiam
1598 2750 1818 2808 refutem,‘
1866 2752 1959 2799 nisi

257 2825 387 2886 quod
421 2824 658 2873 versimile
689 2841 784 2873 non
816 2826 1004 2874 videtur
1035 2842 1137 2874 esse
1159 2826 1435 2874 Lucretium
1467 2841 1561 2873 non
1583 2826 1748 2874 statim
1768 2827 1819 2873 in
1854 2842 1959 2875 car-

258 2902 397 2948 minis
429 2902 566 2949 initio
601 2901 692 2949 hoc
724 2901 873 2949 totius
906 2901 1150 2950 doctrinae
1172 2902 1462 2964 principium
1486 2907 1960 2950 commemoraturum

258 2977 416 3024 fuisse.

388 3052 596 3099 Transeo
631 3052 694 3100 ad
728 3069 797 3099 vv.
831 3053 1033 3109 50—61‚
1069 3068 1188 3113 quos
1218 3051 1631 3101 Bockemuellerus
1664 3057 1774 3113 post
1805 3068 1846 3100 v.
1872 3052 1963 3102 145

262 3128 478 3184 collocat,
513 3128 766 3187 Briegerus
801 3134 850 3175 et
884 3128 1268 3187 Stuerenburgus
1302 3133 1439 3175 extra
1471 3128 1693 3175 carminis
1727 3129 1961 3176 continui-
