2118 3522
1078 186 1141 236 23

385 324 478 372 803
509 325 774 373 iunctum
820 323 878 371 in
934 324 1198 373 concilio
1254 340 1455 373 saevas
1510 324 1773 373 tolerare
1820 340 1952 386 pro-

597 398 800 456 cellas,

384 474 471 522 791
507 474 746 523 tandem
791 475 850 522 in
899 474 1103 522 eodem
1151 473 1383 522 homine
1434 480 1609 536 atque
1656 475 1712 521 in
1760 475 1952 522 eodem

595 566 731 598 vase
762 567 990 599 manere

380 625 474 676 800
506 625 848 687 desiperest.

254 700 406 758 Quam
438 704 855 764 transpositionem
886 702 1066 755 Pollius
1096 700 1217 749 Phil.
1250 701 1328 758 26,
1364 701 1459 748 334
1492 699 1810 749 firmissimam
1848 716 1950 749 esse

285 782 404 825 utat.

250 793 282 838 p
377 852 482 910 Sed,
518 854 557 900 si
589 855 707 914 quid
738 855 888 912 video,
923 854 1043 905 haec
1075 854 1144 901 sic
1194 854 1510 901 construenda
1556 861 1735 901 essent:
1780 856 1949 912 „Desi-

250 934 411 989 perest
454 929 655 976 mortale
704 946 811 977 cum
852 935 1046 976 aeterno
1083 930 1285 988 jungere
1330 933 1379 974 et
1418 934 1590 989 putare
1621 930 1822 977 mortale
1854 947 1951 978 una

251 1020 358 1052 cum
400 1009 594 1052 aeterno
638 1005 903 1052 consentire
948 1011 997 1053 et
1037 1004 1171 1065 fungi
1215 1008 1382 1050 mutua
1415 1018 1567 1064 posse,
1602 1005 1805 1053 mortale
1840 1022 1949 1053 cum

248 1085 442 1127 aeterno
473 1081 690 1127 iunctum
720 1096 886 1128 saevas
919 1081 1124 1128 tolerare
1156 1079 1389 1139 percellas
1423 1085 1542 1126 etc.“
1607 1081 1776 1141 Itaque
1811 1082 1947 1129 Chri-

248 1156 381 1212 stius,
416 1157 499 1216 qui
531 1157 581 1202 in
614 1156 794 1203 tradito
826 1156 993 1203 ordine
1016 1159 1273 1216 propterea
1294 1152 1506 1211 offendit,
1542 1157 1671 1215 quod
1692 1158 1947 1206 mortale

249 1246 374 1285 cum
414 1232 741 1280 immortali
777 1232 1127 1292 conjuntum
1168 1244 1376 1275 saevas
1422 1245 1525 1290 por
1543 1231 1732 1279 cellas
1766 1235 1946 1281 susti-

247 1323 383 1356 nere
417 1308 605 1366 dicitur,
639 1309 689 1355 in
721 1308 849 1355 idem
881 1307 1061 1363 vitium,
1098 1305 1226 1366 quod
1272 1305 1448 1352 evitare
1483 1306 1645 1366 voluit,
1691 1309 1794 1370 ipse
1825 1311 1947 1358 reci-

246 1384 331 1431 dit.
396 1385 530 1433 Ferri
563 1383 911 1445 quodammodo
957 1383 1121 1444 possit,
1162 1387 1217 1428 ut
1265 1382 1328 1428 ad
1371 1383 1517 1431 verba
1561 1390 1616 1431 et
1656 1401 1770 1433 una
1813 1402 1945 1434 con-

245 1461 471 1508 sentire
519 1465 729 1521 putare
778 1465 866 1507 etc.
912 1458 1192 1519 suppleatur
1242 1459 1486 1506 mortale
1531 1465 1587 1507 et
1628 1467 1946 1510 aeternum.

245 1536 338 1583 Sed
370 1541 473 1584 tum
505 1552 666 1583 versus
701 1537 726 1582 7
732 1537 790 1583 91
826 1535 1065 1582 sententia
1096 1549 1192 1580 11011
1223 1534 1379 1581 minus
1410 1551 1635 1595 perversa
1667 1542 1752 1583 est.
1820 1538 1946 1594 Quo-

241 1612 382 1659 modo
425 1617 586 1658 autem
631 1627 689 1658 ex
721 1628 791 1659 vv.
826 1611 917 1659 798
965 1615 1014 1657 et
1055 1610 1146 1657 799
1193 1609 1267 1655 ad.
1302 1626 1371 1657 vv.
1406 1611 1499 1658 803
1535 1617 1584 1658 et
1627 1614 1715 1660 791
1750 1614 1946 1661 verbum

242 1692 549 1744 „aeternum“
585 1686 798 1747 suppleri
830 1687 995 1747 possit,
1031 1685 1251 1745 equidem
1274 1701 1368 1732 non
1393 1686 1530 1734 video
1543 1705 1555 1742 ;
1589 1693 1735 1747 atque
1759 1690 1945 1738 etiamsi

239 1767 413 1824 posset,
448 1767 609 1809 tamen
640 1778 717 1809 res
749 1762 873 1809 male
908 1761 1200 1823 procederet.
1276 1759 1398 1807 Nam
1431 1778 1501 1808 vv.
1539 1762 1628 1809 798
1674 1769 1723 1810 et
1757 1765 1848 1811 799
1882 1765 1943 1812 de

239 1837 433 1886 mortali
467 1843 515 1885 et
546 1838 802 1885 immortali
835 1839 885 1884 in
918 1837 1190 1884 universum
1234 1837 1407 1896 agitur,
1455 1854 1495 1883 v.
1542 1844 1702 1886 autem
1750 1841 1837 1888 791
1882 1842 1941 1890 de

238 1913 495 1960 immortali
528 1914 698 1970 animo,
733 1914 816 1973 qui
850 1914 899 1959 in
920 1911 1113 1958 mortali
1147 1926 1345 1971 corpore
1380 1912 1456 1958 sit.
1514 1913 1686 1973 Itaque
1718 1917 1782 1962 ad
1813 1916 1941 1965 hunc

238 2005 279 2035 v.
313 1988 505 2035 notione
538 1989 724 2036 animi
768 1989 922 2036 careri
953 2002 1045 2034 11011
1077 1991 1260 2047 potest3
1305 2002 1460 2046 neque
1505 1989 1631 2035 enim
1675 1993 1937 2050 quaeritur,

236 2080 350 2111 num
383 2064 582 2124 quodvis
614 2063 882 2113 immortale
914 2064 963 2109 in
996 2061 1187 2109 mortali
1212 2077 1409 2122 corpore
1441 2064 1593 2124 possit
1614 2081 1819 2124 manere,
1854 2068 1939 2115 sed

237 2156 351 2187 num
382 2140 663 2188 immortalis
695 2141 892 2187 animus.

363 2217 498 2273 Quod
532 2215 594 2263 ad
625 2232 665 2262 v.
701 2216 795 2262 803
835 2217 1023 2273 attinet,
1074 2216 1299 2275 Briegero
1343 2215 1485 2278 (Phil.
1519 2217 1578 2263 27
1596 2253 1607 2273 ,
1653 2217 1736 2279 54)
1776 2233 1937 2265 assen-

236 2293 451 2342 tiendum
484 2293 589 2349 erit,
624 2292 707 2352 qui
740 2296 853 2338 ante
888 2307 996 2339 eum
1033 2291 1260 2340 nonnulla
1294 2291 1526 2338 excidisse
1558 2292 1753 2340 iudicat.
1818 2294 1937 2341 Ver-

236 2384 341 2419 sum
374 2374 535 2417 autem
569 2369 658 2416 791
693 2384 723 2416 a
753 2367 871 2424 loco,
918 2384 1011 2429 quo
1058 2368 1266 2416 traditus
1306 2373 1392 2424 est,
1437 2367 1777 2417 alienissimum
1819 2387 1935 2429 esse,

237 2445 443 2493 Christio
475 2460 671 2507 prorsus
704 2445 961 2501 assentior3
994 2461 1106 2493 nam
1152 2444 1281 2506 quod
1323 2444 1737 2493 Bockemuellerus
1779 2448 1936 2495 conie-

236 2522 315 2578 cit,
353 2526 617 2569 maneret
651 2537 737 2582 pro
770 2536 1031 2578 manere,
1077 2536 1137 2566 ne
1170 2520 1221 2566 id
1253 2521 1446 2580 quidem
1489 2522 1774 2569 sententiam
1818 2526 1935 2572 satis

234 2596 408 2643 bonam
452 2596 651 2643 reddere
701 2597 901 2644 videtur.
982 2596 1152 2656 Itaque
1201 2596 1351 2643 donec
1396 2596 1569 2656 aliquis
1613 2599 1934 2647 coniecturam

233 2673 385 2733 magis
406 2671 703 2733 probabilem
724 2673 1041 2733 proposuerit,
1077 2672 1296 2733 equidem
1321 2687 1507 2720 versum
1529 2673 1664 2721 uncis
1687 2674 1932 2723 includen-

232 2748 347 2797 dum
380 2762 482 2795 esse
511 2747 705 2809 putabo.

885 2867 967 2927 111,
1006 2869 1269 2916 860—867.

359 2971 774 3019 Bockemuellerus
805 2976 937 3019 recte
969 2972 1089 3018 vidit
1110 2971 1197 3019 hos
1230 2988 1298 3018 vv.
1325 2988 1431 3018 cum
1455 2972 1536 3029 eis,
1571 2988 1694 3032 quae
1716 2973 1928 3033 proxime

232 3047 549 3110 praecedunt,
598 3048 819 3109 coniungi
865 3063 958 3095 non
1003 3064 1142 3109 posse
1185 3053 1234 3095 et
1280 3053 1390 3109 post
1432 3064 1471 3094 v.
1506 3048 1598 3094 844
1642 3063 1720 3094 eos
1755 3049 1929 3109 posuit.

234 3123 378 3171 Cuius
421 3124 808 3184 transpositionis
855 3124 1088 3171 rationem
1131 3125 1384 3184 Briegerus
1420 3124 1657 3185 (Bursian.
1698 3125 1833 3181 1876,
1868 3126 1926 3182 II,
