2118 3522
1062 218 1121 266 13

243 354 544 402 refutationis
577 360 765 415 partem
795 356 1061 405 ducendam
1093 355 1333 418 particula
1364 360 1531 416 postr
1544 369 1665 402 emo
1697 368 1813 401 usus
1844 369 1938 401 non

243 435 380 477 esset.
445 430 702 479 Praeterea
732 431 1068 481 refutationem
1109 447 1245 480 suam
1288 436 1456 479 contra
1499 446 1578 479 eos
1621 435 1810 478 tantum
1854 447 1936 477 ex-

242 506 418 566 pressis
450 506 605 555 verbis
641 509 885 567 convertit,
921 509 1003 570 qui
1037 509 1266 570 originem
1287 513 1446 555 motus
1481 507 1622 554 ahter
1654 513 1803 568 atque
1834 508 1936 569 ipse

243 582 481 643 explicare
513 584 682 641 velint3
715 586 928 633 versibus
961 586 1209 633 384—397
1224 623 1234 643 ,
1285 584 1474 645 quibus,
1521 583 1638 644 quid
1680 590 1791 644 post
1835 599 1936 631 mo-

241 663 345 705 tum
375 658 475 717 fiat,
511 661 776 721 exponitur,
810 677 902 709 non
934 661 995 709 ab
1028 661 1165 708 initio
1189 666 1355 708 contra
1388 676 1467 707 eos
1501 675 1551 707 se
1585 660 1820 707 convertit
1852 661 1935 720 qui

240 747 270 779 a
292 748 342 780 se
364 734 659 793 dissentiant,
694 737 777 784 sed
800 738 936 798 quasi
958 737 1250 798 praeteriens
1284 752 1446 783 eorum
1478 736 1765 783 sententiam
1797 736 1936 782 reicit

240 809 392 868 magis
423 825 569 870 quam
601 811 794 860 refutat.

365 885 534 947 Itaque
577 905 645 935 vv.
680 888 927 937 384—397
964 903 1072 935 cum
1112 904 1181 934 vv.
1215 887 1467 934 370—383
1510 887 1691 934 arctius
1738 887 1933 933 coniun-

240 964 415 1022 gendos
448 980 541 1011 non
573 979 675 1011 esse
708 965 792 1011 sed
823 980 910 1025 per
943 980 993 1012 se
1027 970 1157 1011 stare
1204 964 1369 1011 eodem
1412 963 1551 1010 modo
1598 968 1745 1023 atque
1788 978 1933 1023 argu-

239 1045 398 1088 menta
420 1056 640 1089 versuum
662 1041 927 1099 335—345,
963 1039 1229 1097 346—357,
1263 1038 1514 1086 358—369
1538 1044 1754 1100 apparet.
1797 1038 1933 1087 Nunc

239 1121 399 1164 autem
431 1131 654 1164 versuum
686 1116 937 1164 370—383
970 1116 1209 1163 sententia
1239 1130 1394 1176 neque
1429 1116 1502 1162 ita
1533 1120 1810 1176 comparata
1844 1121 1930 1173 est,

236 1197 292 1239 ut
325 1207 432 1239 cum
464 1207 685 1239 versuum
717 1192 966 1239 345—369
1014 1206 1209 1248 summa,
1252 1207 1406 1251 neque
1448 1192 1532 1249 ita,
1577 1196 1634 1238 ut
1676 1207 1784 1238 cum
1826 1207 1931 1239 ver-

236 1282 374 1315 suum
406 1268 657 1315 358—369
691 1273 972 1329 argumento
1006 1267 1186 1314 arctius
1221 1266 1474 1314 cohaereat
1506 1282 1652 1327 quam
1685 1283 1793 1315 cum
1825 1283 1930 1314 ver-

235 1358 375 1390 suum
406 1343 655 1391 384—397
692 1349 983 1404 argumento.
1049 1342 1218 1403 Itaque
1261 1357 1424 1390 versus
1465 1343 1523 1390 37
1526 1343 1716 1391 0-383
1760 1344 1932 1391 seriem

236 1424 623 1477 argumentorum
676 1420 927 1479 particulis
981 1419 1243 1478 denique
1306 1419 1443 1479 (358)
1511 1424 1559 1464 et
1619 1425 1930 1478 postremo

236 1493 371 1555 (384)
405 1493 650 1541 definitam
681 1495 1027 1555 interrumpere
1059 1509 1152 1542 non
1185 1493 1388 1549 debent3
1432 1508 1542 1540 nam
1584 1493 1667 1541 ubi
1709 1493 1768 1541 de
1802 1509 1929 1541 com-

234 1568 450 1628 pluribus
499 1569 711 1617 eiusdem
759 1570 937 1617 ordinis
987 1570 1279 1631 argumentis
1319 1570 1500 1629 agitur,
1550 1568 1800 1616 Lucretius
1845 1575 1930 1617 aut

234 1660 331 1692 una
362 1650 552 1693 tantum
583 1646 755 1694 harum
786 1645 1133 1707 particularum
1163 1646 1236 1693 uti
1268 1644 1390 1693 solet
1427 1650 1513 1693 aut
1558 1644 1783 1706 deniqu
1796 1661 1822 1692 e
1866 1646 1929 1693 ad

233 1720 579 1781 paenultimum
610 1728 778 1782 postr
791 1738 871 1768 em
884 1738 912 1769 ο
946 1723 1009 1769 ad
1041 1722 1262 1768 ultimum
1293 1726 1627 1779 argumentum
1658 1722 1928 1769 ducendum

232 1802 459 1858 usurpat:
493 1796 550 1844 cf.
583 1797 618 1854 I,
657 1798 747 1844 199
781 1802 830 1844 et
861 1798 969 1855 208,
1003 1797 1097 1845 238
1132 1802 1181 1844 et
1203 1796 1310 1854 250,
1346 1796 1401 1853 V,
1430 1797 1548 1843 1071
1573 1802 1623 1844 et
1648 1797 1783 1854 1076,
1819 1798 1926 1857 qui-

232 1872 320 1919 bns
368 1872 485 1920 locis
534 1888 682 1919 unum
729 1876 980 1933 praeterea
1028 1872 1301 1919 addendum
1347 1871 1498 1918 videri
1548 1872 1705 1919 dicam
1747 1873 1811 1919 ad
1845 1873 1924 1929 VI,

229 1947 494 1994 400-403.
559 1947 737 1993 Versus
768 1948 917 2007 igitur
949 1948 1197 1994 384—397
1221 1952 1331 2007 post
1361 1963 1401 1993 v.
1435 1947 1527 1993 369
1562 1947 1767 1994 collandi
1800 1953 1925 1995 sunt.

356 2021 440 2068 Vv.
475 2025 637 2068 autem
670 2022 920 2069 370—383
953 2027 1051 2079 aut,
1099 2038 1207 2069 cum
1240 2021 1439 2069 eandem
1470 2037 1572 2068 rem
1603 2027 1817 2070 tractent
1848 2028 1923 2070 at-

230 2112 323 2158 que
356 2113 425 2144 vv.
458 2097 724 2154 335—345‚
758 2114 799 2144 v.
832 2097 926 2146 345
959 2098 1177 2159 excipere
1210 2097 1399 2155 debent,
1445 2102 1543 2155 aut,
1590 2113 1698 2145 cum
1740 2098 1922 2146 resuta-

229 2173 406 2219 tionem
456 2172 743 2229 contineant,
785 2174 834 2219 in
876 2172 969 2220 fine
1013 2175 1162 2221 totius
1202 2175 1630 2234 argumentationis
1671 2175 1701 2220 i.
1736 2190 1772 2221 e.
1813 2179 1924 2235 post

229 2249 320 2296 397
354 2248 511 2295 locum
542 2263 681 2294 suum
711 2248 904 2295 habent.
947 2248 1105 2309 Atque
1138 2249 1416 2297 Lucretium
1444 2250 1540 2297 hoc
1572 2250 1809 2309 posterius
1841 2264 1923 2296 vo-

227 2323 373 2370 luisse
403 2328 600 2384 propter
632 2340 700 2370 vv.
719 2324 811 2371 398
844 2338 974 2384 seqq.
1008 2326 1289 2385 putaverim,
1325 2326 1408 2385 qui
1431 2325 1608 2386 optime
1639 2324 1764 2372 hanc
1796 2324 1925 2371 refu-

227 2399 459 2447 tationem
491 2399 759 2460 excipiunt3
815 2399 1165 2459 quodammodo
1212 2406 1357 2461 poeta
1399 2417 1440 2447 v.
1476 2401 1569 2448 393
1614 2400 1678 2447 ad
1720 2401 1926 2461 primum

228 2480 562 2535 argumentum
593 2474 830 2531 redierat3
863 2477 1029 2536 itaque
1069 2478 1113 2523 si
1145 2477 1410 2524 sententiae
1460 2476 1763 2524 adversariae
1796 2475 1925 2523 refu-

226 2550 405 2598 tandae
437 2551 733 2599 occasionem
771 2556 915 2600 antea
957 2553 1359 2613 praetermiserat,
1404 2568 1462 2600 ea
1508 2567 1634 2598 nunc
1674 2550 1830 2598 denuo
1875 2566 1925 2599 se

226 2626 269 2673 ei
301 2625 543 2674 offerebat.

903 2748 938 2807 1,
980 2748 1244 2797 511—539.

352 2852 423 2899 De
457 2852 558 2898 eius
590 2852 1027 2910 argumentationis,
1062 2866 1160 2911 qua
1190 2850 1442 2897 Lucretius
1473 2849 1736 2910 primordia
1769 2850 1919 2897 solido

225 2932 371 2988 atque
404 2932 597 2974 aeterno
632 2941 828 2987 corpore
863 2932 1081 2974 coustare
1103 2925 1412 2982 demonstrat,
1447 2924 1645 2984 singulis
1668 2940 1920 2985 argumen-

224 3003 288 3049 tis
320 3003 596 3050 ordinandis
630 3018 737 3050 cum
773 3004 993 3063 graviora
1013 3018 1108 3051 non
1130 3002 1346 3059 habeam,
1383 3001 1555 3062 quibus
1579 3000 1922 3062 Stuerenburgi

225 3079 511 3125 sententiam
542 3078 593 3139 (l.
628 3093 666 3125 c.
699 3094 808 3140 pag.
831 3079 923 3126 398
945 3080 1100 3141 sequ.)
1134 3083 1221 3126 aut
1241 3077 1494 3137 infringam
1516 3082 1602 3124 aut
1624 3075 1922 3134 confirmem3

223 3153 388 3201 statim
421 3154 485 3201 ad
531 3168 611 3201 eos
656 3153 799 3202 huius
832 3154 1258 3216 argumentationis
1303 3169 1372 3200 vv.
1408 3152 1614 3201 transire
1645 3152 1813 3211 liceat,
1863 3154 1923 3200 de
