2118 3522
1058 219 1120 265 34

237 363 286 404 et
318 373 359 404 v.
393 357 511 404 285:

363 447 489 478 nam
521 430 772 490 primum
809 428 1094 489 quicquid
1126 428 1388 488 fulgoris
1421 429 1675 488 disperit
1708 428 1775 476 ei.

235 506 414 566 Atquev
439 510 637 565 propter
685 504 838 563 ipsam
874 502 1012 549 -hanc
1062 504 1414 563 responsionem
1464 503 1716 550 Lucretius
1763 518 1804 549 v.
1838 502 1930 549 281

234 580 378 626 verbo
429 580 569 625 item
617 593 733 625 usus
783 592 883 624 esse
934 578 1135 633 videtur,
1181 579 1310 636 quod
1358 593 1619 638 numquam
1663 576 1792 637 apud
1826 591 1933 622 eum

234 669 360 700 mere
394 655 765 702 enumerativam
797 654 891 700 vim
925 652 1099 708 habet3
1145 667 1238 700 uno
1282 658 1471 701 tantum
1515 653 1620 700 loco
1664 667 1694 699 a
1737 650 1934 711 propria

234 728 580 789 significatione
631 730 782 789 magis
830 728 1013 775 recedit
1061 728 1162 790 (VI,
1214 728 1344 790 948),
1396 727 1477 775 ubi
1524 726 1933 787 transponendum

233 819 334 851 esse
368 809 536 865 postea
568 804 845 861 videbimus,
880 820 921 851 v.
954 819 1063 864 pag.
1099 804 1173 850 41.

357 880 527 939 Itaque
561 896 630 926 vv.
664 880 917 926 273-280
948 885 1059 939 post
1089 896 1129 925 v.
1162 879 1256 926 260
1301 878 1600 925 collocandos
1645 892 1747 928 esse
1789 881 1931 938 puta-

235 955 395 1001 verim.
461 955 519 1001 Ei
554 970 698 1014 quem
730 970 944 1016 propono
992 955 1201 1015 partium
1250 954 1405 1004 ordini
1450 954 1595 1001 verba
1637 954 1794 1013 quod
1837 969 1932 1000 su-

232 1045 336 1090 per
350 1035 436 1077 est
469 1031 532 1092 (v.
567 1031 683 1092 261)
718 1045 811 1077 11011
844 1030 1048 1077 obstant.
1112 1029 1278 1090 Neque
1301 1031 1424 1079 enim
1460 1029 1582 1077 haec
1615 1045 1800 1089 semper
1830 1043 1934 1080 eam

230 1105 413 1151 habent
454 1104 874 1165 significationem,
927 1120 1071 1165 quam
1117 1105 1519 1164 Stuerenburgus·
1543 1104 1573 1150 1.
1620 1119 1672 1161 c.,
1717 1103 1933 1163 quamvis

229 1184 359 1225 recte
378 1181 658 1239 ceteroquin
691 1180 751 1225 de
785 1180 852 1226 eis
875 1180 1204 1240 disputaverit,
1240 1180 1308 1227 eis
1329 1179 1611 1226 vindicavit:
1643 1178 1931 1225 schliess-

229 1253 381 1309 lich3
417 1254 502 1300 sed
535 1254 861 1315 compluribus
902 1255 1019 1302 locis
1057 1256 1129 1303 ita
1174 1259 1363 1302 tantum
1411 1254 1566 1314 accipi
1607 1258 1830 1314 possunt,
1878 1258 1934 1300 ut

230 1329 524 1388 significent:
559 1331 709 1390 quod
745 1331 981 1377 attinet
1015 1331 1087 1376 ad
1121 1346 1184 1377 ea
1223 1345 1371 1389 quae
1410 1334 1659 1375 restant.
1732 1330 1804 1376 Ea
1844 1344 1931 1375 au-

230 1410 326 1450 tem
361 1420 486 1464 quae
519 1409 709 1452 restant
743 1420 849 1452 cum
883 1421 941 1451 ex
976 1405 1297 1465 compluribus
1329 1405 1549 1466 partibus
1573 1409 1789 1451 constare
1821 1418 1932 1464 pos-

229 1480 339 1535 sint,
373 1480 520 1526 verba
555 1496 631 1538 qu
643 1480 710 1525 od
745 1495 850 1539 sup
866 1484 1022 1525 erest
1056 1479 1272 1526 ultimam
1306 1485 1493 1540 partem
1517 1480 1690 1526 ducere
1712 1493 1931 1525 necessa·-

229 1554 354 1599 rium
389 1569 482 1600 non
517 1559 603 1611 est,
647 1555 730 1601 sed
771 1555 867 1601 iam
910 1559 1055 1600 antea
1098 1555 1321 1614 usurpari
1363 1559 1576 1614 possunt.
1648 1553 1751 1600 Hoc
1793 1552 1931 1599 modo

229 1629 564 1688 explicandum
597 1634 684 1686 est,
719 1629 849 1688 quod
881 1629 937 1685 V,
974 1629 1037 1675 64
1068 1629 1227 1688 quod
1260 1643 1363 1688 sup
1380 1633 1542 1675 erest
1572 1629 1841 1688 argumenti
1872 1627 1932 1673 li-

227 1702 303 1748 bri
333 1703 491 1762 quinti
525 1704 877 1750 enarrationem
909 1703 1095 1750 ducunt
1125 1718 1281 1763 neque
1313 1717 1423 1749 vero
1459 1703 1667 1749 omnium
1698 1717 1824 1763 quae
1854 1717 1930 1749 re-

229 1782 362 1823 stant
394 1793 567 1824 rerum.
623 1777 793 1838 Itaque
826 1792 1047 1825 versuum
1080 1778 1137 1834 V,
1171 1777 1232 1824 64
1253 1792 1384 1837 seqq.
1418 1778 1655 1824 sententia
1684 1777 1804 1825 haec
1837 1781 1932 1824 est:

229 1852 398 1909 „Quod
431 1853 493 1899 ad
526 1868 582 1900 ea
613 1853 789 1900 attinet
821 1869 945 1913 quae
977 1858 1184 1909 restant,
1234 1868 1388 1899 nunc
1420 1854 1471 1914 (i.
1506 1868 1543 1899 e.
1577 1853 1700 1899 libro
1734 1853 1809 1914 V.)
1843 1851 1932 1904 has

227 1941 305 1973 res
341 1943 599 1987 exponamz
633 1928 863 1974 mundum
899 1942 1001 1974 esse
1034 1926 1283 1974 mortalem
1308 1932 1427 1975 etc.“
1492 1927 1681 1974 Pariter
1712 1926 1930 1973 iudican—

229 2001 343 2047 dum
376 2007 451 2048 est
483 2003 542 2049 de
575 2003 629 2058 V,
670 2003 804 2059 1239,
840 2002 918 2058 VI,
954 2003 1047 2049 219
1083 2001 1164 2062 (cf.
1198 2002 1329 2063 423),
1366 2001 1444 2057 VI,
1480 2002 1587 2048 979.

361 2077 504 2124 Falsa
548 2091 673 2137 quae
716 2077 766 2123 in
808 2076 944 2124 codd.
990 2077 1226 2123 invenitur
1273 2076 1565 2136 singulorum
1615 2076 1929 2127 membrorum

231 2153 323 2214 (vv.
359 2153 626 2208 261—272,
669 2153 935 2207 273—280,
979 2152 1253 2212 281—305)
1296 2151 1545 2203 collocatio
1584 2152 1694 2199 inde
1734 2151 1934 2199 forsitan

230 2233 338 2275 orta
372 2242 473 2274 esse
506 2227 671 2287 possit,
707 2226 837 2285 quod
869 2227 1053 2286 primus
1085 2226 1240 2272 editor
1272 2254 1333 2260 —
1366 2227 1407 2272 si
1438 2232 1625 2273 tantum
1655 2226 1932 2287 diligentiae

232 2303 275 2349 ei
319 2302 529 2349 tribuere
569 2301 684 2348 licet
718 2328 802 2358 -,
849 2316 958 2348 cum
999 2317 1068 2349 vv.
1102 2302 1354 2348 273--280
1403 2302 1451 2348 in
1492 2300 1672 2349 scheda
1703 2302 1933 2362 singulari

231 2379 499 2434 invenisset,
535 2378 748 2424 ordinem
780 2393 850 2425 vv.
883 2377 977 2425 235
1010 2381 1060 2422 et
1092 2377 1186 2423 236
1219 2377 1521 2424 observatum
1553 2382 1746 2429 secutus
1777 2378 1854 2425 sit.

359 2453 558 2502 Duabus
592 2452 953 2512 quaestionibus
986 2452 1219 2499 absolutis
1252 2454 1400 2500 tertia
1430 2459 1585 2500 restat
1617 2455 1646 2499 i.
1671 2469 1710 2499 e.
1734 2453 1795 2499 de
1827 2468 1931 2500 νοτ,

231 2529 363 2575 sibus
396 2529 661 2575 306—317.
726 2528 885 2574 Primo
919 2528 1047 2587 quod
1082 2543 1139 2574 ex
1172 2529 1485 2575 maximorum
1514 2528 1675 2575 mundi
1697 2528 1932 2576 membro-

231 2620 338 2650 rum
380 2604 630 2649 nativitate
673 2608 722 2649 et
765 2603 1061 2650 mortalitate
1103 2603 1408 2663 desumptum
1450 2608 1523 2652 est
1566 2609 1846 2664 argumento
1890 2620 1931 2652 v.

232 2679 325 2725 305
358 2677 491 2724 finito
525 2678 729 2724 alterum
763 2683 1097 2737 argumentum
1129 2678 1369 2737 particula
1402 2680 1655 2739 denique
1695 2679 1807 2726 duci
1840 2694 1934 2726 non

232 2768 372 2813 posse
404 2752 819 2800 Bockemuellerus
862 2759 993 2800 recte
1036 2753 1278 2800 iudicavit.
1343 2754 1600 2801 Praeterea
1641 2770 1769 2811 cum,
1814 2770 1933 2814 quo—

232 2828 372 2874 modo
407 2827 657 2874 Lucretius
689 2828 766 2874 his
799 2829 1014 2876 versibus
1047 2829 1110 2875 ad
1145 2830 1307 2875 mundi
1341 2830 1641 2876 nativitatem
1674 2834 1724 2876 et
1756 2835 1934 2878 morta.-

230 2903 416 2950 litatem
453 2903 867 2951 demonstrandam
900 2905 973 2951 uti
1005 2904 1220 2961 voluerit,
1255 2905 1559 2965 perspicuum
1581 2920 1673 2952 non
1698 2906 1775 2963 sit,
1808 2906 1934 2953 idem

231 2978 646 3026 Bockemuellerus
680 2995 758 3026 eos
791 2986 955 3040 partes
988 2985 1179 3026 tantum
1212 2981 1482 3039 argumenti
1523 2981 1765 3027 continere
1804 2986 1935 3028 recte

232 3060 405 3101 censet.
457 3054 550 3101 Sed
574 3054 655 3100 ubi
679 3070 758 3101 eos
780 3057 953 3115 posuit,
989 3061 1100 3115 post
1131 3072 1171 3102 v.
1196 3056 1302 3111 260,
1337 3054 1491 3101 locum
1526 3055 1592 3102 ibi
1626 3071 1719 3102 non
1742 3056 1935 3103 habent.

230 3128 353 3174 Nam
387 3129 663 3185 Lucretius,
710 3135 965 3188 postquam
1010 3146 1079 3176 vv.
1112 3129 1365 3177 251—256
1406 3130 1747 3178 mortalitatem
1776 3135 1936 3178 terrae
