2118 3522
927 566 993 627 V,
1035 569 1236 616 26—27.

367 722 687 785 Complurium
735 727 1075 774 sententiarum
1118 728 1328 775 secunda
1366 746 1405 776 v.
1440 729 1502 776 26
1546 728 1741 777 ducitur
1781 730 1934 790 parti-

240 798 348 847 cula
379 799 642 861 denique.
705 800 760 848 Id
792 801 895 849 fieri
928 817 1022 849 non
1055 817 1193 864 posse
1228 819 1335 851 cum
1355 804 1767 852 Bockemuellerus
1803 810 1932 852 recte

237 875 445 931 vidisset,
480 875 608 923 hunc
641 892 828 924 versum
860 879 927 924 sic
961 879 1210 926 emendare
1244 881 1450 927 studuit:

364 970 631 1031 undeque
664 973 805 1032 quid
828 972 1036 1021 Cretae
1069 979 1277 1022 taurus
1308 975 1686 1036 Lernaeaque
1724 977 1930 1036 pestis.

237 1066 329 1115 Sed
362 1082 469 1114 cum
501 1066 551 1113 id
587 1072 714 1114 certe
745 1068 1084 1116 Lucretianum
1116 1085 1210 1117 non
1244 1070 1320 1127 sit,
1356 1086 1509 1131 neque
1551 1072 1739 1118 omnino
1782 1074 1927 1119 versi-

235 1142 345 1188 mile
377 1142 441 1188 sit
472 1142 720 1202 denique
757 1159 815 1189 ex
847 1143 940 1190 alio
973 1145 1201 1190 vocabulo
1239 1151 1513 1205 corruptum
1558 1161 1672 1202 esse,
1724 1162 1811 1206 ego
1858 1165 1926 1194 vv.

233 1218 296 1265 26
329 1222 379 1265 et
410 1218 470 1265 27
505 1223 615 1278 post
646 1234 831 1266 versum
865 1219 926 1266 36
959 1235 1115 1280 pono.
1181 1220 1474 1281 Denique,
1518 1222 1645 1281 quod
1676 1220 1852 1282 legitur
1886 1240 1925 1270 v.

234 1293 308 1350 34,
339 1308 534 1354 prorsus
566 1294 662 1342 alia
693 1293 1035 1355 significatione
1068 1301 1350 1356 usurpatum
1385 1301 1470 1353 est,
1521 1296 1578 1344 of.
1611 1297 1706 1345 424
1737 1303 1786 1344 et
1817 1299 1923 1346 418.

908 1461 963 1518 V,
987 1461 1250 1508 235—323.

355 1586 411 1633 V.
443 1587 537 1634 235
580 1587 785 1647 primum
829 1587 1094 1633 nativitatis
1144 1591 1192 1632 et
1235 1587 1541 1634 mortalitatis
1582 1587 1745 1634 mundi
1780 1603 1922 1647 argu-

228 1666 440 1710 mentum
473 1662 642 1724 incipit
674 1661 801 1723 quod
834 1677 892 1710 ex
924 1661 1175 1710 nativitate
1210 1667 1258 1710 et
1289 1660 1581 1710 mortalitate
1610 1663 1922 1711 maximorum

228 1738 393 1783 mundi
441 1738 770 1795 membrorum,
816 1743 987 1794 terrae,
1030 1739 1167 1797 ignis,
1213 1739 1350 1793 aeris,
1392 1739 1581 1793 umoris,
1619 1739 1921 1798 desumptum

228 1818 313 1860 est.
376 1811 575 1873 Singula
622 1812 742 1860 haec
788 1813 952 1860 mundi
998 1813 1211 1860 membra
1261 1812 1423 1859 nativa
1472 1818 1521 1859 et
1565 1813 1786 1861 mortalia
1818 1830 1920 1861 esse

226 1880 478 1937 247—305
512 1887 878 1946 demonstratur,
918 1889 968 1935 in
1010 1888 1185 1950 quibus
1218 1886 1460 1935 offensioni
1495 1892 1580 1945 est,
1617 1889 1743 1949 quod
1775 1895 1918 1949 quat-

226 1966 338 2010 tuor
370 1970 755 2023 argumentorum
788 1965 991 2011 alterum
1023 1963 1214 2009 ducitur
1247 1964 1402 2010 verbis
1437 1964 1584 2023 quod
1618 1979 1831 2024 supere
1846 1970 1915 2011 st.

225 2038 327 2086 Iam
359 2037 737 2098 Stuerenburgus
767 2066 831 2074 —-
873 2039 956 2100 qui
988 2037 1198 2098 singulos
1230 2038 1356 2085 locos
1401 2038 1574 2098 quibus
1606 2037 1725 2085 haec
1768 2039 1912 2097 verba

226 2114 528 2160 inveniuntur
562 2115 848 2161 examinavit
880 2142 943 2149 ——
976 2130 1084 2175 pag.
1120 2114 1211 2160 383
1245 2114 1296 2159 id
1333 2113 1447 2160 ferri
1481 2129 1574 2159 non
1609 2128 1746 2173 posse
1779 2120 1916 2161 ratus

224 2188 492 2235 hominibus
525 2188 677 2235 doctis
712 2189 1069 2245 commendavit,
1113 2194 1167 2235 ut
1208 2188 1324 2248 quid
1367 2188 1457 2234 hoc
1500 2188 1604 2234 1000
1644 2187 1914 2235 faciendum

227 2268 364 2321 esset,
398 2264 624 2310 viderent.
688 2262 947 2311 Vahlenius
979 2262 1009 2309 l.
1046 2278 1083 2310 c.
1118 2278 1224 2323 pag.
1259 2263 1351 2310 488
1386 2264 1428 2309 ei
1463 2262 1751 2309 contradixit
1782 2268 1914 2310 recte

223 2328 314 2385 hoc
345 2339 449 2386 loco
483 2339 637 2399 quod
670 2344 950 2400 superest
984 2340 1192 2399 positum
1227 2354 1328 2385 esse
1363 2343 1411 2384 et
1441 2339 1537 2384 iam
1572 2337 1662 2384 hoc
1684 2338 1787 2397 ipso
1809 2337 1915 2385 loco

224 2430 328 2462 eam
361 2430 505 2475 quam
539 2413 919 2476 Stuerenburgus
951 2414 1010 2462 de
1045 2414 1214 2462 horum
1247 2414 1498 2461 verborum
1541 2427 1630 2459 usu
1678 2418 1914 2460 statueret

222 2490 374 2551 legem
406 2490 577 2537 falsam
610 2505 711 2537 esse
743 2491 1057 2537 demonstrari
1089 2490 1363 2537 arbitratus.
1415 2489 1593 2536 Contra
1625 2504 1683 2535 ea
1704 2488 1914 2536 eiusdem

223 2581 280 2611 30
313 2566 694 2627 Stuerenburgus
726 2567 991 2613 sententiae
1023 2565 1116 2613 fuit
1147 2563 1573 2621 Bockemuellerus‚
1610 2564 1692 2624 qui
1725 2580 1795 2610 vv.
1818 2565 1909 2611 261

224 2640 379 2686 .-272
411 2645 521 2700 post
553 2657 594 2687 v.
618 2642 711 2689 305
744 2641 933 2702 posuit3
967 2641 1104 2701 eique
1137 2655 1357 2688 assensus
1393 2645 1464 2687 est
1494 2639 1746 2699 Briegerus
1769 2639 1912 2701 (Bur-

223 2714 339 2760 sian.
378 2711 512 2772 1876,
548 2714 607 2773 11,
644 2718 769 2780 169).
834 2717 959 2764 Huic
993 2731 1116 2777 quae
1148 2717 1196 2762 in
1230 2716 1385 2763 verbis
1430 2715 1583 2775 quod
1629 2721 1911 2774 superest

221 2790 379 2848 posita
411 2795 484 2836 est
517 2790 792 2839 difficultati
826 2792 1056 2839 accedent
1089 2792 1224 2848 aliae,
1259 2807 1378 2851 quas
1409 2790 1640 2851 praebent
1671 2805 1754 2836 eae
1788 2806 1912 2849 quae

221 2879 409 2912 versum
458 2865 551 2913 305
598 2873 865 2928 sequuntur
912 2872 1097 2928 partes,
1144 2884 1213 2914 vv.
1257 2866 1503 2914 306—317
1554 2870 1603 2912 et
1647 2865 1911 2912 318—323.

219 2938 355 2986 Illam
395 2940 781 2989 Bockemiillerus
826 2943 1006 2991 solvere
1051 2941 1239 2989 studuit
1276 2941 1489 2988 versibus
1522 2941 1768 2987 306—317
1803 2946 1912 3001 post

219 3031 261 3062 v.
295 3016 388 3062 260
423 3016 688 3073 collocatis3
738 3033 901 3065 versus
942 3024 1103 3066 autem
1144 3018 1235 3065 318
1250 3018 1428 3072 ——323,
1475 3016 1556 3063 ubi
1599 3017 1767 3063 traditi
1800 3023 1911 3063 sunt

217 3090 428 3137 retinuit.

286 3241 291 3247 .
343 3183 501 3244 Atque
548 3191 603 3233 ut
650 3188 855 3247 primum
897 3188 958 3234 de
1005 3188 1217 3235 versibus
1261 3188 1512 3235 318—323
1555 3201 1696 3246 agam
1727 3186 1909 3235 Bocke-
