<?xml version="1.0" encoding="UTF-8"?>
<!DOCTYPE html PUBLIC "-//W3C//DTD XHTML 1.0 Transitional//EN"
    "http://www.w3.org/TR/xhtml1/DTD/xhtml1-transitional.dtd">
<html xmlns="http://www.w3.org/1999/xhtml" xml:lang="en" lang="en">
 <head>
  <title>
</title>
<meta http-equiv="Content-Type" content="text/html;charset=utf-8" />
  <meta name='ocr-system' content='tesseract 3.04.00' />
  <meta name='ocr-capabilities' content='ocr_page ocr_carea ocr_par ocr_line ocrx_word'/>
</head>
<body>
  <div class='ocr_page' id='page_1' title='image "./4626153_0044.png"; bbox 0 0 2118 3522; ppageno 0'>
   <div class='ocr_carea' id='block_1_1' title="bbox 1019 220 1080 267">
    <p class='ocr_par' dir='ltr' id='par_1_1' title="bbox 1019 220 1080 267">
     <span class='ocr_line' id='line_1_1' title="bbox 1019 220 1080 267; baseline 0 0"><span class='ocrx_word' id='word_1_1' title='bbox 1019 220 1080 267; x_wconf 88' lang='lat'>38</span> 
     </span>
    </p>
   </div>
   <div class='ocr_carea' id='block_1_2' title="bbox 183 356 1894 2222">
    <p class='ocr_par' dir='ltr' id='par_1_2' title="bbox 197 356 1894 869">
     <span class='ocr_line' id='line_1_2' title="bbox 203 356 1893 418; baseline 0.001 -14"><span class='ocrx_word' id='word_1_2' title='bbox 203 363 329 413; x_wconf 89' lang='lat' dir='ltr'>sunt,</span> <span class='ocrx_word' id='word_1_3' title='bbox 379 373 567 404; x_wconf 83' lang='lat' dir='ltr'>versum</span> <span class='ocrx_word' id='word_1_4' title='bbox 614 359 699 404; x_wconf 85' lang='lat'>101</span> <span class='ocrx_word' id='word_1_5' title='bbox 737 358 978 417; x_wconf 81' lang='lat' dir='ltr'>excipere:</span> <span class='ocrx_word' id='word_1_6' title='bbox 1011 357 1263 403; x_wconf 89' lang='lat' dir='ltr'>Lucretius</span> <span class='ocrx_word' id='word_1_7' title='bbox 1305 361 1561 418; x_wconf 77' lang='lat' dir='ltr'><strong>postquam</strong></span> <span class='ocrx_word' id='word_1_8' title='bbox 1603 356 1665 404; x_wconf 88' lang='lat' dir='ltr'>de</span> <span class='ocrx_word' id='word_1_9' title='bbox 1695 358 1893 416; x_wconf 75' lang='lat' dir='ltr'>tonitru,</span> 
     </span>
     <span class='ocr_line' id='line_1_3' title="bbox 204 431 1894 494; baseline 0.001 -14"><span class='ocrx_word' id='word_1_10' title='bbox 204 432 333 494; x_wconf 89' lang='lat' dir='ltr'>quod</span> <span class='ocrx_word' id='word_1_11' title='bbox 365 431 571 480; x_wconf 89' lang='lat' dir='ltr'>nubibus</span> <span class='ocrx_word' id='word_1_12' title='bbox 595 432 986 480; x_wconf 77' lang='lat' dir='ltr'>concurrentibus</span> <span class='ocrx_word' id='word_1_13' title='bbox 1007 432 1235 488; x_wconf 86' lang='lat' dir='ltr'>nascitur,</span> <span class='ocrx_word' id='word_1_14' title='bbox 1270 432 1508 489; x_wconf 77' lang='lat' dir='ltr'>disseruit,</span> <span class='ocrx_word' id='word_1_15' title='bbox 1541 434 1894 493; x_wconf 74' lang='lat' dir='ltr'>transgreditur</span> 
     </span>
     <span class='ocr_line' id='line_1_4' title="bbox 203 507 1893 567; baseline 0.001 -13"><span class='ocrx_word' id='word_1_16' title='bbox 203 509 265 555; x_wconf 85' lang='lat' dir='ltr'>ad</span> <span class='ocrx_word' id='word_1_17' title='bbox 297 508 347 553; x_wconf 89' lang='lat' dir='ltr'>id</span> <span class='ocrx_word' id='word_1_18' title='bbox 380 509 612 554; x_wconf 77' lang='lat' dir='ltr'>tonitrum</span> <span class='ocrx_word' id='word_1_19' title='bbox 644 523 804 567; x_wconf 84' lang='lat' dir='ltr'>genus,</span> <span class='ocrx_word' id='word_1_20' title='bbox 840 507 968 566; x_wconf 84' lang='lat' dir='ltr'>quod</span> <span class='ocrx_word' id='word_1_21' title='bbox 1003 508 1169 562; x_wconf 85' lang='lat' dir='ltr'>oritur,</span> <span class='ocrx_word' id='word_1_22' title='bbox 1216 522 1323 553; x_wconf 90' lang='lat' dir='ltr'>cum</span> <span class='ocrx_word' id='word_1_23' title='bbox 1354 507 1504 553; x_wconf 89' lang='lat' dir='ltr'>nubes</span> <span class='ocrx_word' id='word_1_24' title='bbox 1548 507 1734 563; x_wconf 90' lang='lat' dir='ltr'>„minus</span> <span class='ocrx_word' id='word_1_25' title='bbox 1765 507 1893 555; x_wconf 87' lang='lat' dir='ltr'>fron-</span> 
     </span>
     <span class='ocr_line' id='line_1_5' title="bbox 201 581 1893 642; baseline 0.002 -14"><span class='ocrx_word' id='word_1_26' title='bbox 201 582 330 628; x_wconf 85' lang='lat' dir='ltr'>tibus</span> <span class='ocrx_word' id='word_1_27' title='bbox 363 582 576 629; x_wconf 74' lang='lat' dir='ltr'>adversis</span> <span class='ocrx_word' id='word_1_28' title='bbox 611 588 901 629; x_wconf 89' lang='lat' dir='ltr'>concurrunt</span> <span class='ocrx_word' id='word_1_29' title='bbox 933 597 1077 642; x_wconf 78' lang='lat' dir='ltr'>quam</span> <span class='ocrx_word' id='word_1_30' title='bbox 1110 581 1171 627; x_wconf 92' lang='lat' dir='ltr'>de</span> <span class='ocrx_word' id='word_1_31' title='bbox 1203 581 1353 629; x_wconf 84' lang='lat' dir='ltr'>latere</span> <span class='ocrx_word' id='word_1_32' title='bbox 1395 586 1510 628; x_wconf 91' lang='lat' dir='ltr'>eunt</span> <span class='ocrx_word' id='word_1_33' title='bbox 1541 582 1727 630; x_wconf 87' lang='lat' dir='ltr'>diverso</span> <span class='ocrx_word' id='word_1_34' title='bbox 1760 587 1893 631; x_wconf 89' lang='lat' dir='ltr'>motu</span> 
     </span>
     <span class='ocr_line' id='line_1_6' title="bbox 199 657 1893 717; baseline 0.001 -13"><span class='ocrx_word' id='word_1_35' title='bbox 199 657 422 704; x_wconf 84' lang='lat' dir='ltr'>radentes</span> <span class='ocrx_word' id='word_1_36' title='bbox 458 673 660 717; x_wconf 83' lang='lat' dir='ltr'>corpora</span> <span class='ocrx_word' id='word_1_37' title='bbox 703 658 939 704; x_wconf 82' lang='lat' dir='ltr'>tractim.“</span> <span class='ocrx_word' id='word_1_38' title='bbox 1013 657 1172 717; x_wconf 89' lang='lat' dir='ltr'>Atque</span> <span class='ocrx_word' id='word_1_39' title='bbox 1221 657 1619 717; x_wconf 74' lang='lat' dir='ltr'>quemadmodum</span> <span class='ocrx_word' id='word_1_40' title='bbox 1659 657 1781 705; x_wconf 86' lang='lat' dir='ltr'>illud</span> <span class='ocrx_word' id='word_1_41' title='bbox 1822 658 1893 706; x_wconf 83' lang='lat' dir='ltr'>sic</span> 
     </span>
     <span class='ocr_line' id='line_1_7' title="bbox 200 732 1892 794; baseline 0.002 -15"><span class='ocrx_word' id='word_1_42' title='bbox 200 733 345 780; x_wconf 83' lang='lat' dir='ltr'>etiam</span> <span class='ocrx_word' id='word_1_43' title='bbox 377 732 469 780; x_wconf 91' lang='lat' dir='ltr'>hoc</span> <span class='ocrx_word' id='word_1_44' title='bbox 503 747 650 793; x_wconf 84' lang='lat' dir='ltr'>genus</span> <span class='ocrx_word' id='word_1_45' title='bbox 685 748 771 793; x_wconf 88' lang='lat' dir='ltr'>per</span> <span class='ocrx_word' id='word_1_46' title='bbox 804 748 853 780; x_wconf 88' lang='lat' dir='ltr'>se</span> <span class='ocrx_word' id='word_1_47' title='bbox 887 733 1005 781; x_wconf 81' lang='lat' dir='ltr'>satis</span> <span class='ocrx_word' id='word_1_48' title='bbox 1040 732 1304 780; x_wconf 90' lang='lat' dir='ltr'>dilucidum</span> <span class='ocrx_word' id='word_1_49' title='bbox 1345 733 1540 794; x_wconf 88' lang='lat' dir='ltr'>insuper</span> <span class='ocrx_word' id='word_1_50' title='bbox 1570 733 1797 794; x_wconf 86' lang='lat' dir='ltr'>exemplis</span> <span class='ocrx_word' id='word_1_51' title='bbox 1830 734 1892 782; x_wconf 86' lang='lat' dir='ltr'>ab</span> 
     </span>
     <span class='ocr_line' id='line_1_8' title="bbox 197 808 1633 869; baseline 0 -14"><span class='ocrx_word' id='word_1_52' title='bbox 197 808 304 855; x_wconf 80' lang='lat' dir='ltr'>aliis</span> <span class='ocrx_word' id='word_1_53' title='bbox 335 809 478 855; x_wconf 88' lang='lat' dir='ltr'>rebus</span> <span class='ocrx_word' id='word_1_54' title='bbox 511 809 773 868; x_wconf 87' lang='lat' dir='ltr'>desumptis</span> <span class='ocrx_word' id='word_1_55' title='bbox 804 808 1037 855; x_wconf 84' lang='lat' dir='ltr'>illustrari</span> <span class='ocrx_word' id='word_1_56' title='bbox 1070 823 1189 869; x_wconf 90' lang='lat' dir='ltr'>opus</span> <span class='ocrx_word' id='word_1_57' title='bbox 1222 823 1315 856; x_wconf 91' lang='lat' dir='ltr'>non</span> <span class='ocrx_word' id='word_1_58' title='bbox 1348 823 1451 855; x_wconf 85' lang='lat' dir='ltr'>esse</span> <span class='ocrx_word' id='word_1_59' title='bbox 1484 808 1633 855; x_wconf 85' lang='lat' dir='ltr'>duxit.</span> 
     </span>
    </p>

    <p class='ocr_par' dir='ltr' id='par_1_3' title="bbox 190 883 1891 1696">
     <span class='ocr_line' id='line_1_9' title="bbox 323 883 1891 943; baseline -0.001 -13"><span class='ocrx_word' id='word_1_60' title='bbox 323 883 461 931; x_wconf 90' lang='lat' dir='ltr'>Nunc</span> <span class='ocrx_word' id='word_1_61' title='bbox 494 885 536 932; x_wconf 85' lang='lat' dir='ltr'>si</span> <span class='ocrx_word' id='word_1_62' title='bbox 568 884 628 930; x_wconf 90' lang='lat' dir='ltr'>de</span> <span class='ocrx_word' id='word_1_63' title='bbox 662 900 730 930; x_wconf 84' lang='lat' dir='ltr'>vv.</span> <span class='ocrx_word' id='word_1_64' title='bbox 767 885 1013 931; x_wconf 82' lang='lat'>102—107</span> <span class='ocrx_word' id='word_1_65' title='bbox 1049 890 1098 931; x_wconf 94' lang='lat' dir='ltr'>et</span> <span class='ocrx_word' id='word_1_66' title='bbox 1133 885 1380 931; x_wconf 81' lang='lat'>108-115</span> <span class='ocrx_word' id='word_1_67' title='bbox 1414 883 1702 931; x_wconf 82' lang='lat' dir='ltr'>collocandis</span> <span class='ocrx_word' id='word_1_68' title='bbox 1744 898 1891 943; x_wconf 81' lang='lat' dir='ltr'>quae-</span> 
     </span>
     <span class='ocr_line' id='line_1_10' title="bbox 195 957 1890 1020; baseline 0.001 -15"><span class='ocrx_word' id='word_1_69' title='bbox 195 961 371 1006; x_wconf 86' lang='lat' dir='ltr'>rimus:</span> <span class='ocrx_word' id='word_1_70' title='bbox 406 959 475 1005; x_wconf 90' lang='lat' dir='ltr'>illi</span> <span class='ocrx_word' id='word_1_71' title='bbox 508 964 646 1006; x_wconf 84' lang='lat' dir='ltr'>extra</span> <span class='ocrx_word' id='word_1_72' title='bbox 681 974 870 1006; x_wconf 85' lang='lat' dir='ltr'>carmen</span> <span class='ocrx_word' id='word_1_73' title='bbox 893 961 1169 1007; x_wconf 87' lang='lat' dir='ltr'>continuum</span> <span class='ocrx_word' id='word_1_74' title='bbox 1190 959 1358 1020; x_wconf 88' lang='lat' dir='ltr'>scripti</span> <span class='ocrx_word' id='word_1_75' title='bbox 1380 964 1503 1007; x_wconf 83' lang='lat' dir='ltr'>sunt.</span> <span class='ocrx_word' id='word_1_76' title='bbox 1551 959 1774 1006; x_wconf 83' lang='lat' dir='ltr'>Fortasse</span> <span class='ocrx_word' id='word_1_77' title='bbox 1792 957 1890 1007; x_wconf 90' lang='lat' dir='ltr'>Lu-</span> 
     </span>
     <span class='ocr_line' id='line_1_11' title="bbox 195 1034 1890 1094; baseline -0.001 -12"><span class='ocrx_word' id='word_1_78' title='bbox 195 1036 387 1091; x_wconf 90' lang='lat' dir='ltr'>cretius,</span> <span class='ocrx_word' id='word_1_79' title='bbox 424 1051 532 1082; x_wconf 91' lang='lat' dir='ltr'>cum</span> <span class='ocrx_word' id='word_1_80' title='bbox 563 1039 717 1081; x_wconf 83' lang='lat' dir='ltr'>totam</span> <span class='ocrx_word' id='word_1_81' title='bbox 747 1050 883 1080; x_wconf 85' lang='lat' dir='ltr'>suam</span> <span class='ocrx_word' id='word_1_82' title='bbox 916 1035 975 1080; x_wconf 88' lang='lat' dir='ltr'>de</span> <span class='ocrx_word' id='word_1_83' title='bbox 1007 1034 1263 1081; x_wconf 88' lang='lat' dir='ltr'>tonitribus</span> <span class='ocrx_word' id='word_1_84' title='bbox 1296 1040 1344 1081; x_wconf 90' lang='lat' dir='ltr'>et</span> <span class='ocrx_word' id='word_1_85' title='bbox 1376 1034 1651 1081; x_wconf 82' lang='lat' dir='ltr'>fulminibus</span> <span class='ocrx_word' id='word_1_86' title='bbox 1672 1034 1890 1094; x_wconf 84' lang='lat' dir='ltr'>disputa-</span> 
     </span>
     <span class='ocr_line' id='line_1_12' title="bbox 194 1108 1890 1165; baseline 0 -10"><span class='ocrx_word' id='word_1_87' title='bbox 194 1110 371 1155; x_wconf 89' lang='lat' dir='ltr'>tionem</span> <span class='ocrx_word' id='word_1_88' title='bbox 417 1109 536 1156; x_wconf 87' lang='lat' dir='ltr'>satis</span> <span class='ocrx_word' id='word_1_89' title='bbox 592 1115 721 1157; x_wconf 83' lang='lat' dir='ltr'>certo</span> <span class='ocrx_word' id='word_1_90' title='bbox 764 1109 1073 1156; x_wconf 80' lang='lat' dir='ltr'>fundamento</span> <span class='ocrx_word' id='word_1_91' title='bbox 1116 1125 1279 1157; x_wconf 85' lang='lat' dir='ltr'>carere</span> <span class='ocrx_word' id='word_1_92' title='bbox 1329 1110 1549 1165; x_wconf 85' lang='lat' dir='ltr'>vidisset,</span> <span class='ocrx_word' id='word_1_93' title='bbox 1594 1108 1738 1156; x_wconf 77' lang='lat' dir='ltr'>aliam</span> <span class='ocrx_word' id='word_1_94' title='bbox 1776 1108 1890 1156; x_wconf 84' lang='lat' dir='ltr'>huic</span> 
     </span>
     <span class='ocr_line' id='line_1_13' title="bbox 194 1184 1887 1246; baseline 0 -15"><span class='ocrx_word' id='word_1_95' title='bbox 194 1184 506 1246; x_wconf 87' lang='lat' dir='ltr'>disputationi</span> <span class='ocrx_word' id='word_1_96' title='bbox 540 1190 728 1246; x_wconf 83' lang='lat' dir='ltr'>partem</span> <span class='ocrx_word' id='word_1_97' title='bbox 760 1185 1067 1246; x_wconf 81' lang='lat' dir='ltr'>praemittere</span> <span class='ocrx_word' id='word_1_98' title='bbox 1099 1185 1148 1231; x_wconf 90' lang='lat' dir='ltr'>in</span> <span class='ocrx_word' id='word_1_99' title='bbox 1181 1185 1336 1232; x_wconf 83' lang='lat' dir='ltr'>animo</span> <span class='ocrx_word' id='word_1_100' title='bbox 1368 1184 1552 1242; x_wconf 87' lang='lat' dir='ltr'>habuit,</span> <span class='ocrx_word' id='word_1_101' title='bbox 1587 1187 1685 1244; x_wconf 78' lang='lat' dir='ltr'>qua.</span> <span class='ocrx_word' id='word_1_102' title='bbox 1706 1184 1767 1231; x_wconf 88' lang='lat' dir='ltr'>de</span> <span class='ocrx_word' id='word_1_103' title='bbox 1798 1200 1887 1231; x_wconf 69' lang='lat' dir='ltr'>nu—</span> 
     </span>
     <span class='ocr_line' id='line_1_14' title="bbox 192 1259 1886 1321; baseline 0 -14"><span class='ocrx_word' id='word_1_104' title='bbox 192 1259 325 1307; x_wconf 88' lang='lat' dir='ltr'>bium</span> <span class='ocrx_word' id='word_1_105' title='bbox 356 1266 533 1307; x_wconf 81' lang='lat' dir='ltr'>natura</span> <span class='ocrx_word' id='word_1_106' title='bbox 565 1267 743 1321; x_wconf 79' lang='lat' dir='ltr'>ageret.</span> <span class='ocrx_word' id='word_1_107' title='bbox 809 1261 892 1308; x_wconf 89' lang='lat' dir='ltr'>Vv.</span> <span class='ocrx_word' id='word_1_108' title='bbox 931 1261 1192 1317; x_wconf 82' lang='lat'>108—-115,</span> <span class='ocrx_word' id='word_1_109' title='bbox 1238 1261 1366 1321; x_wconf 91' lang='lat' dir='ltr'>quod</span> <span class='ocrx_word' id='word_1_110' title='bbox 1400 1260 1462 1307; x_wconf 87' lang='lat' dir='ltr'>ad</span> <span class='ocrx_word' id='word_1_111' title='bbox 1494 1261 1779 1308; x_wconf 82' lang='lat' dir='ltr'>sententiam</span> <span class='ocrx_word' id='word_1_112' title='bbox 1810 1264 1886 1308; x_wconf 82' lang='lat' dir='ltr'>at-</span> 
     </span>
     <span class='ocr_line' id='line_1_15' title="bbox 192 1335 1889 1394; baseline 0 -12"><span class='ocrx_word' id='word_1_113' title='bbox 192 1336 329 1392; x_wconf 86' lang='lat' dir='ltr'>tinet,</span> <span class='ocrx_word' id='word_1_114' title='bbox 365 1336 485 1383; x_wconf 90' lang='lat' dir='ltr'>bene</span> <span class='ocrx_word' id='word_1_115' title='bbox 519 1351 626 1383; x_wconf 89' lang='lat' dir='ltr'>cum</span> <span class='ocrx_word' id='word_1_116' title='bbox 659 1353 727 1383; x_wconf 85' lang='lat' dir='ltr'>vv.</span> <span class='ocrx_word' id='word_1_117' title='bbox 766 1337 1013 1383; x_wconf 87' lang='lat'>131—136</span> <span class='ocrx_word' id='word_1_118' title='bbox 1049 1337 1411 1394; x_wconf 87' lang='lat' dir='ltr'>coniunguntur,</span> <span class='ocrx_word' id='word_1_119' title='bbox 1456 1335 1630 1394; x_wconf 89' lang='lat' dir='ltr'>quibus</span> <span class='ocrx_word' id='word_1_120' title='bbox 1674 1336 1889 1382; x_wconf 79' lang='lat' dir='ltr'>tonitrua</span> 
     </span>
     <span class='ocr_line' id='line_1_16' title="bbox 193 1409 1887 1471; baseline -0.001 -14"><span class='ocrx_word' id='word_1_121' title='bbox 193 1410 545 1467; x_wconf 88' lang='lat' dir='ltr'>describuntur,</span> <span class='ocrx_word' id='word_1_122' title='bbox 582 1427 705 1471; x_wconf 86' lang='lat' dir='ltr'>quae</span> <span class='ocrx_word' id='word_1_123' title='bbox 746 1412 899 1458; x_wconf 77' lang='lat' dir='ltr'>ventis</span> <span class='ocrx_word' id='word_1_124' title='bbox 942 1410 1109 1457; x_wconf 85' lang='lat' dir='ltr'>nubila</span> <span class='ocrx_word' id='word_1_125' title='bbox 1150 1409 1463 1470; x_wconf 83' lang='lat' dir='ltr'>perflantibus</span> <span class='ocrx_word' id='word_1_126' title='bbox 1510 1410 1740 1457; x_wconf 80' lang='lat' dir='ltr'>oriuntur.</span> <span class='ocrx_word' id='word_1_127' title='bbox 1811 1409 1887 1456; x_wconf 89' lang='lat' dir='ltr'>Ad</span> 
     </span>
     <span class='ocr_line' id='line_1_17' title="bbox 191 1484 1885 1546; baseline -0.002 -13"><span class='ocrx_word' id='word_1_128' title='bbox 191 1485 284 1533; x_wconf 87' lang='lat' dir='ltr'>hoc</span> <span class='ocrx_word' id='word_1_129' title='bbox 315 1486 580 1532; x_wconf 90' lang='lat' dir='ltr'>tonitruum</span> <span class='ocrx_word' id='word_1_130' title='bbox 613 1501 760 1545; x_wconf 88' lang='lat' dir='ltr'>genus</span> <span class='ocrx_word' id='word_1_131' title='bbox 807 1485 1138 1546; x_wconf 86' lang='lat' dir='ltr'>explicandum</span> <span class='ocrx_word' id='word_1_132' title='bbox 1178 1486 1274 1532; x_wconf 83' lang='lat' dir='ltr'>iam</span> <span class='ocrx_word' id='word_1_133' title='bbox 1321 1501 1469 1533; x_wconf 91' lang='lat' dir='ltr'>unum</span> <span class='ocrx_word' id='word_1_134' title='bbox 1509 1484 1777 1545; x_wconf 86' lang='lat' dir='ltr'>exemplum</span> <span class='ocrx_word' id='word_1_135' title='bbox 1816 1500 1885 1532; x_wconf 81' lang='lat' dir='ltr'>vv.</span> 
     </span>
     <span class='ocr_line' id='line_1_18' title="bbox 196 1559 1887 1620; baseline -0.001 -13"><span class='ocrx_word' id='word_1_136' title='bbox 196 1560 445 1607; x_wconf 77' lang='lat'>135—136</span> <span class='ocrx_word' id='word_1_137' title='bbox 490 1560 691 1608; x_wconf 84' lang='lat' dir='ltr'>allatum</span> <span class='ocrx_word' id='word_1_138' title='bbox 732 1565 817 1617; x_wconf 89' lang='lat' dir='ltr'>est,</span> <span class='ocrx_word' id='word_1_139' title='bbox 861 1576 1066 1620; x_wconf 89' lang='lat' dir='ltr'>quocum</span> <span class='ocrx_word' id='word_1_140' title='bbox 1108 1575 1328 1608; x_wconf 88' lang='lat' dir='ltr'>versuum</span> <span class='ocrx_word' id='word_1_141' title='bbox 1376 1559 1621 1607; x_wconf 79' lang='lat'>108—115</span> <span class='ocrx_word' id='word_1_142' title='bbox 1671 1559 1887 1620; x_wconf 82' lang='lat' dir='ltr'>exempla.</span> 
     </span>
     <span class='ocr_line' id='line_1_19' title="bbox 190 1636 712 1696; baseline -0.002 -14"><span class='ocrx_word' id='word_1_143' title='bbox 190 1636 312 1682; x_wconf 87' lang='lat' dir='ltr'>bene</span> <span class='ocrx_word' id='word_1_144' title='bbox 346 1636 712 1696; x_wconf 87' lang='lat' dir='ltr'>coniunguntur.</span> 
     </span>
    </p>

    <p class='ocr_par' dir='ltr' id='par_1_4' title="bbox 183 1709 1885 2222">
     <span class='ocr_line' id='line_1_20' title="bbox 316 1709 1884 1769; baseline -0.001 -12"><span class='ocrx_word' id='word_1_145' title='bbox 316 1710 490 1757; x_wconf 85' lang='lat' dir='ltr'>Forma</span> <span class='ocrx_word' id='word_1_146' title='bbox 525 1716 685 1758; x_wconf 84' lang='lat' dir='ltr'>autem</span> <span class='ocrx_word' id='word_1_147' title='bbox 717 1725 880 1757; x_wconf 83' lang='lat' dir='ltr'>versus</span> <span class='ocrx_word' id='word_1_148' title='bbox 912 1711 1014 1766; x_wconf 86' lang='lat'>108,</span> <span class='ocrx_word' id='word_1_149' title='bbox 1049 1711 1098 1756; x_wconf 92' lang='lat' dir='ltr'>in</span> <span class='ocrx_word' id='word_1_150' title='bbox 1132 1725 1225 1769; x_wconf 91' lang='lat' dir='ltr'>quo</span> <span class='ocrx_word' id='word_1_151' title='bbox 1260 1709 1322 1755; x_wconf 86' lang='lat' dir='ltr'>ad</span> <span class='ocrx_word' id='word_1_152' title='bbox 1355 1709 1500 1755; x_wconf 85' lang='lat' dir='ltr'>verba</span> <span class='ocrx_word' id='word_1_153' title='bbox 1546 1710 1692 1756; x_wconf 85' lang='lat' dir='ltr'>dant</span> <span class='ocrx_word' id='word_1_154' title='bbox 1734 1709 1884 1757; x_wconf 88' lang='lat' dir='ltr'>soni-</span> 
     </span>
     <span class='ocr_line' id='line_1_21' title="bbox 189 1784 1885 1845; baseline 0.001 -14"><span class='ocrx_word' id='word_1_155' title='bbox 189 1791 314 1831; x_wconf 93' lang='lat' dir='ltr'>tum</span> <span class='ocrx_word' id='word_1_156' title='bbox 349 1785 482 1831; x_wconf 87' lang='lat' dir='ltr'>aliud</span> <span class='ocrx_word' id='word_1_157' title='bbox 515 1785 782 1833; x_wconf 90' lang='lat' dir='ltr'>subiectum</span> <span class='ocrx_word' id='word_1_158' title='bbox 815 1784 1130 1845; x_wconf 90' lang='lat' dir='ltr'>supplendum</span> <span class='ocrx_word' id='word_1_159' title='bbox 1165 1789 1237 1831; x_wconf 89' lang='lat' dir='ltr'>est</span> <span class='ocrx_word' id='word_1_160' title='bbox 1268 1790 1415 1844; x_wconf 87' lang='lat' dir='ltr'>&#39;quam</span> <span class='ocrx_word' id='word_1_161' title='bbox 1448 1784 1577 1844; x_wconf 91' lang='lat' dir='ltr'>quod</span> <span class='ocrx_word' id='word_1_162' title='bbox 1598 1801 1638 1831; x_wconf 87' lang='lat' dir='ltr'>v.</span> <span class='ocrx_word' id='word_1_163' title='bbox 1665 1785 1755 1832; x_wconf 88' lang='lat'>136</span> <span class='ocrx_word' id='word_1_164' title='bbox 1778 1801 1885 1832; x_wconf 87' lang='lat' dir='ltr'>cum</span> 
     </span>
     <span class='ocr_line' id='line_1_22' title="bbox 188 1860 1883 1919; baseline 0 -13"><span class='ocrx_word' id='word_1_165' title='bbox 188 1861 367 1907; x_wconf 89' lang='lat' dir='ltr'>eisdem</span> <span class='ocrx_word' id='word_1_166' title='bbox 400 1860 557 1907; x_wconf 86' lang='lat' dir='ltr'>verbis</span> <span class='ocrx_word' id='word_1_167' title='bbox 592 1861 894 1907; x_wconf 89' lang='lat' dir='ltr'>coniunctum</span> <span class='ocrx_word' id='word_1_168' title='bbox 927 1865 1012 1915; x_wconf 85' lang='lat' dir='ltr'>est,</span> <span class='ocrx_word' id='word_1_169' title='bbox 1046 1875 1139 1906; x_wconf 89' lang='lat' dir='ltr'>non</span> <span class='ocrx_word' id='word_1_170' title='bbox 1169 1861 1240 1906; x_wconf 84' lang='lat' dir='ltr'>ita</span> <span class='ocrx_word' id='word_1_171' title='bbox 1273 1864 1551 1919; x_wconf 83' lang='lat' dir='ltr'>comparata</span> <span class='ocrx_word' id='word_1_172' title='bbox 1585 1865 1669 1915; x_wconf 89' lang='lat' dir='ltr'>est,</span> <span class='ocrx_word' id='word_1_173' title='bbox 1695 1864 1750 1906; x_wconf 93' lang='lat' dir='ltr'>ut</span> <span class='ocrx_word' id='word_1_174' title='bbox 1773 1876 1883 1907; x_wconf 84' lang='lat' dir='ltr'>cen-</span> 
     </span>
     <span class='ocr_line' id='line_1_23' title="bbox 187 1935 1882 1995; baseline -0.001 -14"><span class='ocrx_word' id='word_1_175' title='bbox 187 1951 291 1982; x_wconf 89' lang='lat' dir='ltr'>sere</span> <span class='ocrx_word' id='word_1_176' title='bbox 324 1936 574 1995; x_wconf 88' lang='lat' dir='ltr'>possimus,</span> <span class='ocrx_word' id='word_1_177' title='bbox 621 1936 897 1982; x_wconf 86' lang='lat' dir='ltr'>Lucretium</span> <span class='ocrx_word' id='word_1_178' title='bbox 940 1952 1008 1981; x_wconf 82' lang='lat' dir='ltr'>vv.</span> <span class='ocrx_word' id='word_1_179' title='bbox 1049 1935 1297 1981; x_wconf 72' lang='lat' dir='ltr'>los—115</span> <span class='ocrx_word' id='word_1_180' title='bbox 1339 1935 1410 1981; x_wconf 86' lang='lat' dir='ltr'>ita</span> <span class='ocrx_word' id='word_1_181' title='bbox 1452 1940 1507 1981; x_wconf 92' lang='lat' dir='ltr'>ut</span> <span class='ocrx_word' id='word_1_182' title='bbox 1549 1940 1662 1982; x_wconf 87' lang='lat' dir='ltr'>sunt</span> <span class='ocrx_word' id='word_1_183' title='bbox 1700 1939 1810 1994; x_wconf 84' lang='lat' dir='ltr'>post</span> <span class='ocrx_word' id='word_1_184' title='bbox 1841 1951 1882 1981; x_wconf 88' lang='lat' dir='ltr'>v.</span> 
     </span>
     <span class='ocr_line' id='line_1_24' title="bbox 189 2010 1883 2071; baseline 0.001 -14"><span class='ocrx_word' id='word_1_185' title='bbox 189 2011 279 2057; x_wconf 87' lang='lat'>136</span> <span class='ocrx_word' id='word_1_186' title='bbox 313 2010 656 2057; x_wconf 87' lang='lat' dir='ltr'>collocaturum</span> <span class='ocrx_word' id='word_1_187' title='bbox 688 2010 846 2057; x_wconf 83' lang='lat' dir='ltr'>fuisse.</span> <span class='ocrx_word' id='word_1_188' title='bbox 912 2010 1082 2070; x_wconf 81' lang='lat' dir='ltr'>Itaque</span> <span class='ocrx_word' id='word_1_189' title='bbox 1116 2025 1195 2057; x_wconf 90' lang='lat' dir='ltr'>eos</span> <span class='ocrx_word' id='word_1_190' title='bbox 1227 2015 1396 2071; x_wconf 84' lang='lat' dir='ltr'>postea</span> <span class='ocrx_word' id='word_1_191' title='bbox 1427 2010 1673 2070; x_wconf 87' lang='lat' dir='ltr'>scripsisse</span> <span class='ocrx_word' id='word_1_192' title='bbox 1695 2011 1883 2058; x_wconf 82' lang='lat' dir='ltr'>videtur</span> 
     </span>
     <span class='ocr_line' id='line_1_25' title="bbox 186 2085 1879 2146; baseline 0 -14"><span class='ocrx_word' id='word_1_193' title='bbox 186 2101 239 2132; x_wconf 93' lang='lat' dir='ltr'>eo</span> <span class='ocrx_word' id='word_1_194' title='bbox 289 2086 482 2145; x_wconf 85' lang='lat' dir='ltr'>quidem</span> <span class='ocrx_word' id='word_1_195' title='bbox 525 2085 730 2142; x_wconf 87' lang='lat' dir='ltr'>consilio,</span> <span class='ocrx_word' id='word_1_196' title='bbox 776 2091 832 2132; x_wconf 92' lang='lat' dir='ltr'>ut</span> <span class='ocrx_word' id='word_1_197' title='bbox 877 2091 987 2145; x_wconf 90' lang='lat' dir='ltr'>post</span> <span class='ocrx_word' id='word_1_198' title='bbox 1036 2102 1076 2131; x_wconf 87' lang='lat' dir='ltr'>v.</span> <span class='ocrx_word' id='word_1_199' title='bbox 1114 2086 1203 2132; x_wconf 90' lang='lat'>136</span> <span class='ocrx_word' id='word_1_200' title='bbox 1236 2090 1538 2146; x_wconf 88' lang='lat' dir='ltr'>ponerentur,</span> <span class='ocrx_word' id='word_1_201' title='bbox 1585 2086 1669 2133; x_wconf 86' lang='lat' dir='ltr'>sed</span> <span class='ocrx_word' id='word_1_202' title='bbox 1703 2101 1879 2142; x_wconf 88' lang='lat' dir='ltr'>eorum,</span> 
     </span>
     <span class='ocr_line' id='line_1_26' title="bbox 183 2160 1541 2222; baseline 0.001 -15"><span class='ocrx_word' id='word_1_203' title='bbox 183 2177 309 2220; x_wconf 84' lang='lat' dir='ltr'>quae</span> <span class='ocrx_word' id='word_1_204' title='bbox 341 2162 438 2208; x_wconf 88' lang='lat' dir='ltr'>iam</span> <span class='ocrx_word' id='word_1_205' title='bbox 470 2161 653 2222; x_wconf 86' lang='lat' dir='ltr'>scripta</span> <span class='ocrx_word' id='word_1_206' title='bbox 686 2165 834 2217; x_wconf 87' lang='lat' dir='ltr'>eraut,</span> <span class='ocrx_word' id='word_1_207' title='bbox 870 2176 963 2208; x_wconf 89' lang='lat' dir='ltr'>non</span> <span class='ocrx_word' id='word_1_208' title='bbox 995 2162 1113 2208; x_wconf 81' lang='lat' dir='ltr'>satis</span> <span class='ocrx_word' id='word_1_209' title='bbox 1145 2162 1331 2209; x_wconf 85' lang='lat' dir='ltr'>ratione</span> <span class='ocrx_word' id='word_1_210' title='bbox 1361 2160 1541 2208; x_wconf 86' lang='lat' dir='ltr'>habita.</span> 
     </span>
    </p>
   </div>
   <div class='ocr_carea' id='block_1_3' title="bbox 848 2287 1223 2345">
    <p class='ocr_par' dir='ltr' id='par_1_5' title="bbox 848 2287 1223 2345">
     <span class='ocr_line' id='line_1_27' title="bbox 848 2287 1223 2345; baseline 0 -11"><span class='ocrx_word' id='word_1_211' title='bbox 848 2287 925 2345; x_wconf 92' lang='lat' dir='ltr'>VI,</span> <span class='ocrx_word' id='word_1_212' title='bbox 960 2288 1223 2334; x_wconf 82' lang='lat'>400—403.</span> 
     </span>
    </p>
   </div>
   <div class='ocr_carea' id='block_1_4' title="bbox 177 2388 1878 3201">
    <p class='ocr_par' dir='ltr' id='par_1_6' title="bbox 177 2388 1878 3201">
     <span class='ocr_line' id='line_1_28' title="bbox 309 2388 1878 2451; baseline 0.003 -17"><span class='ocrx_word' id='word_1_213' title='bbox 309 2389 392 2435; x_wconf 85' lang='lat' dir='ltr'>Vv.</span> <span class='ocrx_word' id='word_1_214' title='bbox 426 2388 676 2435; x_wconf 82' lang='lat'>400-—403</span> <span class='ocrx_word' id='word_1_215' title='bbox 708 2388 812 2435; x_wconf 88' lang='lat' dir='ltr'>loco</span> <span class='ocrx_word' id='word_1_216' title='bbox 844 2388 1099 2435; x_wconf 84' lang='lat' dir='ltr'>movendos</span> <span class='ocrx_word' id='word_1_217' title='bbox 1135 2404 1250 2446; x_wconf 89' lang='lat' dir='ltr'>esse,</span> <span class='ocrx_word' id='word_1_218' title='bbox 1292 2406 1581 2451; x_wconf 84' lang='lat' dir='ltr'>quamquam</span> <span class='ocrx_word' id='word_1_219' title='bbox 1625 2391 1878 2450; x_wconf 84' lang='lat' dir='ltr'>Briegerus</span> 
     </span>
     <span class='ocr_line' id='line_1_29' title="bbox 182 2464 1878 2526; baseline 0.001 -15"><span class='ocrx_word' id='word_1_220' title='bbox 182 2465 338 2526; x_wconf 88' lang='lat' dir='ltr'>(Burs.</span> <span class='ocrx_word' id='word_1_221' title='bbox 377 2465 512 2520; x_wconf 83' lang='lat'>1876,</span> <span class='ocrx_word' id='word_1_222' title='bbox 547 2464 605 2520; x_wconf 90' lang='grc' dir='ltr'>Π,</span> <span class='ocrx_word' id='word_1_223' title='bbox 656 2464 766 2525; x_wconf 83' lang='grc'>169)</span> <span class='ocrx_word' id='word_1_224' title='bbox 818 2464 868 2510; x_wconf 84' lang='lat' dir='ltr'>id</span> <span class='ocrx_word' id='word_1_225' title='bbox 901 2465 1223 2511; x_wconf 88' lang='lat' dir='ltr'>necessarium</span> <span class='ocrx_word' id='word_1_226' title='bbox 1254 2480 1348 2512; x_wconf 91' lang='lat' dir='ltr'>non</span> <span class='ocrx_word' id='word_1_227' title='bbox 1382 2481 1485 2512; x_wconf 90' lang='lat' dir='ltr'>esse</span> <span class='ocrx_word' id='word_1_228' title='bbox 1529 2466 1671 2522; x_wconf 86' lang='lat' dir='ltr'>dicit,</span> <span class='ocrx_word' id='word_1_229' title='bbox 1719 2471 1878 2514; x_wconf 79' lang='lat' dir='ltr'>tamen</span> 
     </span>
     <span class='ocr_line' id='line_1_30' title="bbox 180 2538 1875 2603; baseline 0.001 -16"><span class='ocrx_word' id='word_1_230' title='bbox 180 2539 565 2587; x_wconf 85' lang='lat' dir='ltr'>Bockemuellero</span> <span class='ocrx_word' id='word_1_231' title='bbox 599 2539 844 2603; x_wconf 81' lang='lat' dir='ltr'>assentiar.</span> <span class='ocrx_word' id='word_1_232' title='bbox 899 2538 1021 2586; x_wconf 85' lang='lat' dir='ltr'>Nam</span> <span class='ocrx_word' id='word_1_233' title='bbox 1049 2540 1090 2587; x_wconf 86' lang='lat' dir='ltr'>si</span> <span class='ocrx_word' id='word_1_234' title='bbox 1111 2545 1318 2595; x_wconf 82' lang='lat' dir='ltr'>manent,</span> <span class='ocrx_word' id='word_1_235' title='bbox 1353 2540 1436 2586; x_wconf 88' lang='lat' dir='ltr'>ubi</span> <span class='ocrx_word' id='word_1_236' title='bbox 1457 2541 1626 2588; x_wconf 81' lang='lat' dir='ltr'>traditi</span> <span class='ocrx_word' id='word_1_237' title='bbox 1647 2546 1773 2598; x_wconf 87' lang='lat' dir='ltr'>sunt,</span> <span class='ocrx_word' id='word_1_238' title='bbox 1806 2558 1875 2589; x_wconf 82' lang='lat' dir='ltr'>vv.</span> 
     </span>
     <span class='ocr_line' id='line_1_31' title="bbox 180 2614 1877 2676; baseline 0.002 -14"><span class='ocrx_word' id='word_1_239' title='bbox 180 2615 431 2663; x_wconf 81' lang='lat'>390—403</span> <span class='ocrx_word' id='word_1_240' title='bbox 464 2615 645 2661; x_wconf 85' lang='lat' dir='ltr'>arctius</span> <span class='ocrx_word' id='word_1_241' title='bbox 677 2614 801 2660; x_wconf 84' lang='lat' dir='ltr'>inter</span> <span class='ocrx_word' id='word_1_242' title='bbox 834 2630 884 2661; x_wconf 90' lang='lat' dir='ltr'>se</span> <span class='ocrx_word' id='word_1_243' title='bbox 918 2616 1269 2674; x_wconf 86' lang='lat' dir='ltr'>coniunguntur</span> <span class='ocrx_word' id='word_1_244' title='bbox 1302 2619 1350 2661; x_wconf 86' lang='lat' dir='ltr'>et</span> <span class='ocrx_word' id='word_1_245' title='bbox 1370 2614 1555 2674; x_wconf 86' lang='lat' dir='ltr'>longius</span> <span class='ocrx_word' id='word_1_246' title='bbox 1578 2616 1639 2663; x_wconf 88' lang='lat' dir='ltr'>ab</span> <span class='ocrx_word' id='word_1_247' title='bbox 1663 2617 1731 2663; x_wconf 88' lang='lat' dir='ltr'>eis</span> <span class='ocrx_word' id='word_1_248' title='bbox 1753 2632 1877 2676; x_wconf 81' lang='lat' dir='ltr'>quae</span> 
     </span>
     <span class='ocr_line' id='line_1_32' title="bbox 178 2689 1876 2750; baseline 0.002 -14"><span class='ocrx_word' id='word_1_249' title='bbox 178 2695 446 2750; x_wconf 86' lang='lat' dir='ltr'>sequuntur</span> <span class='ocrx_word' id='word_1_250' title='bbox 497 2691 821 2750; x_wconf 87' lang='lat' dir='ltr'>seiunguntur,</span> <span class='ocrx_word' id='word_1_251' title='bbox 879 2706 963 2736; x_wconf 87' lang='lat' dir='ltr'>cur</span> <span class='ocrx_word' id='word_1_252' title='bbox 1017 2694 1177 2736; x_wconf 82' lang='lat' dir='ltr'>autem</span> <span class='ocrx_word' id='word_1_253' title='bbox 1231 2705 1300 2735; x_wconf 84' lang='lat' dir='ltr'>vv.</span> <span class='ocrx_word' id='word_1_254' title='bbox 1348 2689 1601 2738; x_wconf 86' lang='lat'>400—403</span> <span class='ocrx_word' id='word_1_255' title='bbox 1655 2706 1876 2740; x_wconf 83' lang='lat' dir='ltr'>versuum</span> 
     </span>
     <span class='ocr_line' id='line_1_33' title="bbox 178 2766 1873 2827; baseline 0.001 -14"><span class='ocrx_word' id='word_1_256' title='bbox 178 2766 432 2814; x_wconf 81' lang='lat'>390-399</span> <span class='ocrx_word' id='word_1_257' title='bbox 481 2771 761 2826; x_wconf 81' lang='lat' dir='ltr'>argumento</span> <span class='ocrx_word' id='word_1_258' title='bbox 806 2766 1051 2827; x_wconf 90' lang='lat' dir='ltr'>propiores</span> <span class='ocrx_word' id='word_1_259' title='bbox 1097 2766 1194 2812; x_wconf 88' lang='lat' dir='ltr'>sint</span> <span class='ocrx_word' id='word_1_260' title='bbox 1236 2781 1382 2825; x_wconf 81' lang='lat' dir='ltr'>quam</span> <span class='ocrx_word' id='word_1_261' title='bbox 1413 2781 1576 2815; x_wconf 85' lang='lat' dir='ltr'>versus</span> <span class='ocrx_word' id='word_1_262' title='bbox 1606 2767 1873 2825; x_wconf 77' lang='lat'>404—405‚</span> 
     </span>
     <span class='ocr_line' id='line_1_34' title="bbox 182 2841 1874 2900; baseline 0.002 -12"><span class='ocrx_word' id='word_1_263' title='bbox 182 2858 274 2888; x_wconf 88' lang='lat' dir='ltr'>non</span> <span class='ocrx_word' id='word_1_264' title='bbox 310 2841 617 2900; x_wconf 85' lang='lat' dir='ltr'>intellegitur.</span> <span class='ocrx_word' id='word_1_265' title='bbox 700 2841 1002 2888; x_wconf 82' lang='lat' dir='ltr'>Contrarium</span> <span class='ocrx_word' id='word_1_266' title='bbox 1039 2845 1168 2889; x_wconf 86' lang='lat' dir='ltr'>certe</span> <span class='ocrx_word' id='word_1_267' title='bbox 1200 2841 1378 2888; x_wconf 85' lang='lat' dir='ltr'>rectius</span> <span class='ocrx_word' id='word_1_268' title='bbox 1410 2841 1718 2899; x_wconf 84' lang='lat' dir='ltr'>indicaveris3</span> <span class='ocrx_word' id='word_1_269' title='bbox 1763 2858 1874 2891; x_wconf 84' lang='lat' dir='ltr'>nam</span> 
     </span>
     <span class='ocr_line' id='line_1_35' title="bbox 177 2917 1874 2979; baseline 0.001 -14"><span class='ocrx_word' id='word_1_270' title='bbox 177 2923 433 2979; x_wconf 84' lang='lat' dir='ltr'>postquam</span> <span class='ocrx_word' id='word_1_271' title='bbox 476 2933 546 2962; x_wconf 85' lang='lat' dir='ltr'>vv.</span> <span class='ocrx_word' id='word_1_272' title='bbox 591 2918 841 2964; x_wconf 81' lang='lat'>399—400</span> <span class='ocrx_word' id='word_1_273' title='bbox 885 2918 1156 2976; x_wconf 85' lang='lat' dir='ltr'>quaesitum</span> <span class='ocrx_word' id='word_1_274' title='bbox 1199 2922 1285 2973; x_wconf 90' lang='lat' dir='ltr'>est,</span> <span class='ocrx_word' id='word_1_275' title='bbox 1328 2932 1413 2963; x_wconf 86' lang='lat' dir='ltr'>cur</span> <span class='ocrx_word' id='word_1_276' title='bbox 1455 2917 1679 2977; x_wconf 87' lang='lat' dir='ltr'>Juppiter</span> <span class='ocrx_word' id='word_1_277' title='bbox 1725 2918 1874 2966; x_wconf 87' lang='lat' dir='ltr'>telum</span> 
     </span>
     <span class='ocr_line' id='line_1_36' title="bbox 177 2992 1870 3052; baseline 0 -12"><span class='ocrx_word' id='word_1_278' title='bbox 177 3009 315 3040; x_wconf 90' lang='lat' dir='ltr'>suum</span> <span class='ocrx_word' id='word_1_279' title='bbox 349 2993 408 3037; x_wconf 89' lang='lat' dir='ltr'>in</span> <span class='ocrx_word' id='word_1_280' title='bbox 442 2997 607 3037; x_wconf 80' lang='lat' dir='ltr'>terra</span> <span class='ocrx_word' id='word_1_281' title='bbox 639 2993 841 3052; x_wconf 86' lang='lat' dir='ltr'>optundi</span> <span class='ocrx_word' id='word_1_282' title='bbox 874 2993 1065 3048; x_wconf 86' lang='lat' dir='ltr'>sineret,</span> <span class='ocrx_word' id='word_1_283' title='bbox 1103 2992 1348 3051; x_wconf 85' lang='lat' dir='ltr'>aptissime</span> <span class='ocrx_word' id='word_1_284' title='bbox 1389 2992 1607 3051; x_wconf 87' lang='lat' dir='ltr'>sequitur</span> <span class='ocrx_word' id='word_1_285' title='bbox 1639 2994 1870 3052; x_wconf 82' lang='lat' dir='ltr'>quaestio,</span> 
     </span>
     <span class='ocr_line' id='line_1_37' title="bbox 178 3066 1871 3126; baseline 0.001 -12"><span class='ocrx_word' id='word_1_286' title='bbox 178 3084 262 3114; x_wconf 91' lang='lat' dir='ltr'>cur</span> <span class='ocrx_word' id='word_1_287' title='bbox 295 3069 350 3113; x_wconf 90' lang='lat' dir='ltr'>in</span> <span class='ocrx_word' id='word_1_288' title='bbox 395 3082 559 3114; x_wconf 82' lang='lat' dir='ltr'>mare</span> <span class='ocrx_word' id='word_1_289' title='bbox 603 3068 776 3113; x_wconf 86' lang='lat' dir='ltr'>mittat.</span> <span class='ocrx_word' id='word_1_290' title='bbox 853 3067 1023 3126; x_wconf 85' lang='lat' dir='ltr'>Itaque</span> <span class='ocrx_word' id='word_1_291' title='bbox 1062 3081 1343 3126; x_wconf 80' lang='lat' dir='ltr'>persuasum</span> <span class='ocrx_word' id='word_1_292' title='bbox 1391 3066 1508 3115; x_wconf 83' lang='lat' dir='ltr'>mihi</span> <span class='ocrx_word' id='word_1_293' title='bbox 1553 3072 1627 3115; x_wconf 84' lang='lat' dir='ltr'>est</span> <span class='ocrx_word' id='word_1_294' title='bbox 1672 3083 1703 3114; x_wconf 82' lang='lat' dir='ltr'>a</span> <span class='ocrx_word' id='word_1_295' title='bbox 1733 3084 1871 3115; x_wconf 87' lang='lat' dir='ltr'>versu</span> 
     </span>
     <span class='ocr_line' id='line_1_38' title="bbox 177 3140 1872 3201; baseline 0.002 -13"><span class='ocrx_word' id='word_1_296' title='bbox 177 3144 269 3189; x_wconf 86' lang='lat'>399</span> <span class='ocrx_word' id='word_1_297' title='bbox 302 3142 365 3190; x_wconf 84' lang='lat' dir='ltr'>ad</span> <span class='ocrx_word' id='word_1_298' title='bbox 408 3157 596 3188; x_wconf 84' lang='lat' dir='ltr'>versum</span> <span class='ocrx_word' id='word_1_299' title='bbox 651 3142 746 3187; x_wconf 88' lang='lat'>404</span> <span class='ocrx_word' id='word_1_300' title='bbox 784 3142 1185 3201; x_wconf 88' lang='lat' dir='ltr'>progrediendum</span> <span class='ocrx_word' id='word_1_301' title='bbox 1229 3156 1343 3188; x_wconf 83' lang='lat' dir='ltr'>esse.</span> <span class='ocrx_word' id='word_1_302' title='bbox 1416 3140 1582 3201; x_wconf 89' lang='lat' dir='ltr'>Neque</span> <span class='ocrx_word' id='word_1_303' title='bbox 1623 3157 1732 3190; x_wconf 84' lang='lat' dir='ltr'>vero</span> <span class='ocrx_word' id='word_1_304' title='bbox 1765 3159 1872 3190; x_wconf 86' lang='lat' dir='ltr'>cum</span> 
     </span>
    </p>
   </div>
  </div>
 </body>
</html>
