2118 3522
1085 199 1149 248 25

568 342 757 385 aetas
790 343 938 398 post
969 344 1228 386 mortem
1263 354 1426 400 quae
1472 344 1678 387 restat
1721 355 1963 400 cumque

652 413 946 461 manenda.

402 487 521 535 1088
572 488 820 549 proinde
879 489 1038 538 licet
1097 491 1344 551 quotvis
1399 491 1648 538 vivendo
1705 490 1963 538 condere

651 565 850 612 saecla
881 571 969 612 etc.

917 763 1013 820 IV,
1039 764 1116 816 ,68
1151 768 1199 811 81
1233 764 1307 811 69.

395 897 646 943 Lucretius
679 914 748 943 vv.
782 898 967 943 52-67
1002 898 1210 957 exponit,
1248 912 1352 943 cum
1386 897 1435 941 in
1469 897 1611 943 rebus
1635 898 1815 956 apertis
1838 897 1959 943 mul-

267 976 347 1019 tae
378 986 455 1018 res
491 986 689 1032 corpora
727 972 923 1019 mittant
965 972 1142 1032 partim
1181 970 1355 1019 diffusa
1396 971 1549 1019 solute
1589 972 1767 1032 partim
1808 972 1961 1032 magis

268 1051 504 1103 contexta,
538 1052 706 1093 tenues
740 1062 928 1106 quoque
960 1047 1196 1107 imagines,
1236 1062 1416 1094 summo
1460 1048 1520 1093 de
1563 1062 1758 1107 corpore
1800 1063 1961 1092 rerum

266 1122 395 1169 mitti
429 1121 621 1179 debere3
672 1137 782 1169 nam
827 1138 884 1170 ea
916 1138 1039 1182 quae
1080 1123 1243 1170 tenuia
1286 1123 1382 1169 81111
1421 1122 1608 1170 facilius
1652 1122 1780 1169 mitti
1821 1136 1960 1183 posse

266 1213 411 1258 quam
444 1213 568 1257 quae
601 1199 821 1257 graviora
853 1199 971 1253 sint3
1007 1203 1054 1244 et
1085 1199 1135 1244 in
1168 1199 1361 1244 summis
1394 1198 1536 1244 rebus
1577 1213 1777 1258 corpora
1808 1198 1962 1244 multa

265 1273 449 1320 minuta
497 1288 612 1330 esse,
659 1289 782 1333 quae
835 1273 999 1320 eodem
1031 1272 1196 1320 ordine
1232 1274 1331 1333 jaci
1379 1274 1576 1334 possint,
1628 1289 1722 1334 quo
1769 1273 1959 1320 fuerint.

263 1348 350 1394 His
382 1363 545 1395 versus
582 1349 641 1395 68
677 1354 726 1394 et
759 1347 840 1395 69:

390 1450 447 1491 et
480 1445 665 1491 multo
701 1444 877 1491 citius
910 1447 1136 1502 quanto
1169 1443 1355 1489 minus
1388 1443 1733 1504 indupediri

390 1536 578 1583 pauca
610 1524 829 1581 queunt
861 1523 918 1565 et
951 1533 1097 1579 quae
1130 1523 1263 1564 sunt
1296 1519 1484 1579 prima
1524 1518 1722 1566 fronte
1754 1517 1958 1566 locata

262 1618 418 1664 minus
450 1621 563 1677 apte
585 1614 948 1674 subiunguntur.
1001 1612 1124 1660 Nam
1157 1614 1361 1674 primum
1393 1615 1648 1662 admodum
1670 1615 1845 1662 durum
1870 1621 1956 1672 est,

262 1691 390 1753 quod
422 1691 485 1738 ad
518 1691 686 1738 verba:
731 1695 785 1738 et
827 1689 1009 1736 multo
1044 1689 1226 1736 citius
1266 1705 1359 1737 non
1402 1707 1460 1738 ex
1492 1691 1664 1738 ultima
1695 1692 1954 1738 sententia:

261 1773 319 1814 et
350 1767 563 1814 formai
597 1781 838 1813 servare
870 1765 1149 1823 figuram,
1195 1765 1279 1811 sed
1313 1782 1371 1811 ex
1404 1781 1462 1812 ea
1494 1782 1617 1826 quae
1651 1765 1776 1812 hanc
1818 1771 1953 1812 ante-

260 1842 412 1890 cedit:
460 1842 578 1888 iaci
627 1856 774 1900 quae
821 1839 1057 1900 possint
1106 1839 1311 1886 ordine
1354 1840 1545 1887 eodem
1582 1856 1690 1901 quo
1723 1841 1952 1888 fuerint

259 1917 527 1978 supplenda
560 1921 672 1963 sunt
702 1915 871 1962 verba:
904 1914 1023 1961 iaci
1054 1929 1202 1973 quae
1234 1917 1474 1975 possint.
1550 1916 1621 1963 Ea
1654 1932 1777 1976 quae
1808 1932 1948 1976 prae-

258 1999 393 2040 terea
424 1992 487 2039 ad
520 1991 665 2038 verba
694 1990 878 2037 multo
913 1990 1096 2036 citius
1129 1990 1397 2050 supplenda
1428 1997 1541 2037 sunt
1573 1991 1738 2038 verba:
1784 2007 1948 2051 quam

260 2082 509 2129 corpora
541 2082 689 2127 quae
721 2067 779 2111 in
813 2065 982 2112 rebus
1015 2066 1245 2125 apertis
1278 2067 1596 2113 mittuntur
1639 2095 1700 2100 -
1734 2083 1794 2113 ne
1827 2067 1947 2115 haec

258 2144 450 2205 quidem
482 2143 599 2190 satis
631 2141 771 2189 facile
804 2141 1090 2201 cogitatione
1123 2140 1379 2188 adduntur.
1454 2142 1638 2189 Deinde
1678 2143 1795 2190 satis
1829 2144 1948 2190 mire

260 2221 443 2267 dictum
477 2224 550 2265 est
586 2232 785 2278 corpora
815 2216 963 2263 mult
976 2231 1005 2263 a
1036 2217 1222 2263 minuta
1254 2217 1396 2264 citius
1427 2218 1534 2274 iaci,
1579 2224 1759 2277 quanto
1791 2220 1948 2266 minus

256 2294 529 2355 indupediri
560 2308 759 2354 pauca
790 2297 1030 2352 queant.
1095 2292 1351 2339 Praeterea
1393 2308 1515 2352 quae
1557 2293 1607 2338 in
1639 2294 1853 2341 versibus
1887 2294 1946 2341 68

258 2376 306 2418 81
340 2371 399 2418 69
432 2370 555 2416 inest
587 2368 822 2416 sententia
853 2383 911 2414 ex
943 2373 1082 2428 parte
1114 2368 1336 2429 repetitio
1370 2372 1558 2414 tantum
1590 2373 1663 2416 est
1685 2370 1950 2417 sententiae

256 2463 326 2493 vv.
361 2447 421 2493 63
455 2450 503 2491 et
537 2445 599 2491 64
630 2445 726 2491 iam
761 2444 1046 2504 propositae.
1109 2443 1276 2504 Neque
1309 2445 1434 2490 enim
1466 2444 1680 2492 versibus
1714 2446 1772 2492 68
1808 2452 1856 2492 et
1891 2447 1950 2493 69

258 2521 318 2568 de
363 2520 618 2568 celeritate.
639 2520 801 2580 agitur
851 2534 949 2579 qua
995 2520 1226 2580 imagines
1259 2519 1320 2566 ab
1368 2519 1511 2566 rebus
1559 2520 1655 2566 iam
1700 2526 1953 2580 separatae

257 2601 469 2653 utantur,
520 2595 605 2642 sed
656 2595 715 2642 de
747 2594 993 2653 facilitate,
1046 2586 1145 2656 qua
1186 2595 1247 2642 ab
1289 2595 1433 2643 rebus
1466 2595 1722 2643 abscedere
1755 2597 1951 2657 possint.

255 2673 425 2733 Itaque
473 2671 653 2719 verbis:
706 2670 899 2718 multo
946 2671 1128 2719 citius
1175 2677 1395 2732 quanto
1444 2673 1639 2719 minus
1686 2672 1950 2733 indupe-

255 2749 372 2796 diri
405 2763 595 2810 pauca
628 2753 856 2807 queunt
887 2747 1015 2794 idem
1046 2747 1144 2795 fere
1178 2764 1452 2809 expressum
1495 2754 1568 2796 est
1609 2753 1755 2808 atque
1788 2765 1857 2795 vv.
1893 2750 1952 2796 63

256 2830 306 2872 et
338 2824 411 2871 64.
477 2823 692 2883 Denique
724 2837 958 2880 versuum,
995 2823 1054 2870 de
1087 2824 1261 2883 quibus
1294 2825 1493 2884 agimus,
1533 2825 1584 2870 111
1618 2825 1686 2871 818
1721 2841 1845 2884 quae
1877 2840 1950 2872 se-

255 2904 470 2961 quuntur
504 2901 593 2960 (vv.
628 2899 835 2959 70—81)
869 2898 1004 2946 nulla
1036 2899 1160 2946 ratio
1192 2899 1423 2953 habetur3
1457 2899 1532 2946 his
1565 2900 1725 2959 potius
1758 2900 1808 2945 id
1840 2905 1948 2946 tan-

254 2980 358 3022 tum
391 2974 758 3031 demonstratur,
793 2974 923 3034 quod
956 2974 1208 3021 Lucretius
1240 2990 1308 3021 vv.
1335 2975 1519 3022 65—67
1546 2974 1812 3021 contendit:
1845 2990 1947 3021 esse

253 3051 303 3096 in
336 3050 532 3097 summis
563 3049 706 3097 rebus
740 3065 942 3111 corpora
972 3049 1127 3097 multa
1168 3050 1365 3107 minuta,
1408 3065 1538 3110 quae·
1576 3050 1739 3097 eodem
1785 3049 1948 3096 ordine

253 3126 347 3174 iaci
379 3125 577 3188 possint.
