2118 3522
1107 219 1170 266 40

292 356 625 412 Quaerendum
658 362 819 403 autem
852 361 938 413 est,
971 372 1207 417 quaenam
1237 356 1323 404 illa
1354 356 1418 403 sit
1456 371 1617 403 rerum
1659 355 1819 412 series,
1863 370 1985 415 qua-

290 447 397 478 rum
429 431 633 491 primam
667 448 691 479 e
725 432 939 479 versibus
973 432 1223 479 608-638
1249 437 1465 479 constare
1487 431 1762 478 Lucretium
1783 431 1984 478 voluisse

289 506 599 553 iudicandum
632 507 708 554 sit.
772 507 1025 568 Briegerus
1069 507 1226 569 (Burs.
1274 508 1408 564 1876,
1449 506 1508 563 Π,
1556 507 1667 568 169)
1711 511 1841 554 recte
1883 522 1982 553 mo-

289 582 393 628 nuit
424 582 732 641 partitionem
766 599 925 629 rerum
945 582 1058 629 libri
1080 582 1157 628 VI.
1186 583 1236 627 in
1270 581 1564 639 ‚,terribil.ia“
1589 586 1638 628 et
1671 580 1981 639 ,‚mirabilia“,

289 673 386 717 qua
417 656 832 705 Bockemuellerus
863 673 978 705 usus
1011 663 1097 712 est,
1132 656 1261 704 nullo
1294 657 1504 704 Lucretii
1535 656 1640 704 loco
1686 656 1983 716 comprobari

288 747 426 793 posse
458 733 712 793 omniaque
744 748 868 793 quae
903 748 961 779 ex
1004 747 1061 779 ea
1100 732 1162 779 ad
1194 737 1357 792 partes
1402 732 1690 779 ordinandas
1731 732 1982 779 conclude-

287 813 455 853 rentur
487 807 611 853 falsa
654 822 768 853 esse.
840 807 948 853 Alia
990 813 1150 854 autem
1188 822 1346 853 rerum
1387 806 1510 853 libro
1543 806 1622 853 VI.
1665 811 1983 855 tractatarum

288 882 487 942 partitio
533 887 705 939 exstat,
759 897 855 942 qua
897 882 1172 930 Lucretium
1214 897 1353 930 usum
1397 898 1499 930 esse
1534 886 1723 930 constat
1755 888 1804 930 et
1836 898 1982 943 quam

288 958 391 1018 ipse
423 958 473 1003 in
505 958 734 1018 prooemii
778 974 915 1005 versu
954 959 1016 1005 50
1057 964 1405 1017 commemorat,
1451 959 1759 1020 partitionem
1792 959 1899 1006 dico
1933 959 1982 1005 in

286 1032 504 1094 μετέωρα
537 1038 586 1080 et
617 1041 741 1094 quae
775 1035 825 1080 in
857 1035 1001 1081 terris
1032 1034 1152 1081 fiant
1190 1035 1441 1082 mirabilia.
1516 1034 1682 1093 Neque
1720 1035 1983 1094 quidquam

286 1109 404 1156 mihi
444 1109 637 1156 obstare
688 1110 896 1166 videtur,
946 1111 1197 1169 quominus
1238 1110 1513 1158 Lucretium
1552 1110 1602 1156 id
1642 1108 1794 1156 altera
1832 1109 1981 1156 totius

286 1184 399 1232 libri
441 1184 519 1232 VI.
554 1190 692 1245 parte
731 1186 884 1245 primo
923 1185 1027 1233 loco
1066 1202 1166 1232 rem
1199 1186 1412 1233 versibus
1443 1186 1692 1232 608—638
1725 1190 1984 1232 tractatam

287 1274 463 1320 ponere
496 1260 545 1304 in
578 1260 735 1306 animo
770 1260 993 1307 habuisse
1026 1266 1259 1322 putemus,
1338 1260 1468 1308 Pono
1500 1260 1647 1322 igitur
1686 1275 1765 1308 eos
1798 1265 1910 1309 ante
1942 1250 1983 1308 r.

287 1336 392 1383 535.
477 1335 614 1392 Quod
649 1337 689 1383 si
722 1342 852 1384 recte
884 1337 1054 1394 fecero,
1088 1338 1209 1385 haec
1241 1338 1353 1394 sere,
1378 1389 1380 1391 ,
1406 1352 1529 1397 quae
1576 1337 1638 1382 ad
1685 1338 1834 1383 totius
1872 1336 1983 1383 h‘bri

289 1412 614 1458 condicionem
647 1416 881 1472 spectant,
917 1413 1121 1460 dicenda
1154 1419 1311 1460 erunt:
1344 1413 1595 1460 Lucretius
1627 1411 1739 1459 olim
1763 1428 1819 1459 ea
1840 1427 1984 1472 quam

288 1487 495 1534 diximus
529 1488 788 1548 partitione
831 1489 880 1534 in
920 1488 1032 1535 libri
1071 1489 1148 1535 VI.
1189 1505 1347 1536 rerum
1394 1488 1704 1549 dispositione
1750 1503 1865 1535 usus
1902 1487 1984 1534 ille

287 1563 483 1623 quidem
516 1568 633 1619 erat,
669 1563 755 1609 sed
788 1564 1023 1623 expressis
1056 1564 1212 1611 verbis
1247 1580 1351 1611 eam
1382 1563 1583 1610 indicari
1617 1578 1736 1623 opus
1767 1577 1861 1608 non
1883 1577 1984 1609 esse

287 1639 428 1685 duxit
462 1644 509 1684 et
542 1638 697 1684 verbis
729 1637 891 1683 Nunc
925 1653 1026 1697 age
1059 1639 1122 1685 ad
1156 1639 1357 1686 alteram
1389 1643 1578 1699 partem
1615 1637 1821 1684 transiit.
1891 1636 2003 1683 ΡΟ·-

286 1718 392 1760 stea
424 1728 535 1759 vero
570 1728 677 1759 cum
710 1713 904 1772 scripsit
936 1728 1098 1760 versus
1134 1714 1397 1771 608-638,
1432 1714 1711 1774 priusquam
1743 1712 1807 1759 ad
1827 1716 1985 1759 terrae

285 1803 362 1835 res
395 1788 676 1835 tractandas
709 1788 951 1844 transiret,
987 1804 1144 1849 pauca
1176 1790 1348 1851 prioris
1388 1789 1541 1849 partis
1573 1787 1823 1844 finiendae,
1865 1786 1984 1833 alte-

285 1865 386 1910 rius
420 1863 782 1924 praeparandae
819 1878 963 1909 causa
995 1865 1303 1923 praemittere
1345 1863 1613 1917 constituit3
1658 1862 1777 1909 haec
1823 1866 1984 1908 autem

285 1938 610 1998 componenda
642 1939 690 1983 in
724 1937 854 1984 aliud
887 1937 961 1984 vel
999 1939 1046 1983 in
1086 1939 1137 1984 id
1176 1943 1366 1998 tempus
1400 1937 1599 1993 distulit,
1641 1953 1736 1997 quo
1766 1937 1984 1984 ultimam

285 2015 347 2060 ad
379 2019 534 2060 totum
567 2028 759 2059 carmen
791 2012 953 2059 limam
986 2012 1289 2060 adhibiturus
1325 2019 1442 2060 erat.

939 2185 1016 2241 Ἦ,
1054 2185 1317 2232 777-780,

410 2306 514 2353 Ηο0
547 2320 712 2352 versus
745 2306 794 2351 in
829 2305 962 2352 codd.
996 2305 1117 2353 falso
1148 2306 1253 2352 loco
1289 2306 1470 2365 positos
1502 2320 1604 2351 esse
1626 2305 1981 2352 Bockemuelle-

283 2396 366 2427 rus
398 2385 530 2426 recte
562 2380 695 2437 vidit,
730 2380 815 2426 sed
848 2381 951 2440 ipse
984 2394 1173 2440 quoque
1206 2380 1326 2427 falso
1365 2380 1469 2427 loco
1508 2380 1695 2427 videtur
1727 2380 1981 2428 collocasse

285 2457 416 2516 (post
447 2472 487 2502 v.
514 2456 641 2513 772).
706 2455 957 2501 Lucretius
979 2456 1453 2514 argumentationem,
1489 2469 1585 2514 qua
1607 2454 1826 2515 explicet,
1861 2469 1980 2515 quo-

283 2531 422 2577 modo
455 2528 560 2576 fieri
593 2530 757 2590 possit,
793 2535 848 2577 ut
879 2545 988 2578 aves
1022 2545 1164 2592 super
1196 2531 1385 2578 Averna
1415 2530 1523 2578 loca
1556 2529 1769 2578 volantes
1799 2531 1849 2577 in
1881 2536 1980 2578 ter-

283 2622 387 2653 ram
420 2606 643 2652 decidant
678 2611 726 2652 et
758 2605 1122 2663 interficiantur,
1156 2607 1247 2653 hoc
1278 2606 1419 2652 modo
1441 2605 1664 2662 instituit,
1697 2610 1753 2652 ut
1773 2606 1980 2666 primum

283 2683 333 2728 in
366 2687 500 2728 terra
531 2681 793 2742 primordia
826 2681 1167 2739 diversissima,
1208 2683 1386 2742 partim
1428 2681 1594 2728 vitalia
1634 2682 1811 2741 partim
1851 2682 1978 2728 insa—

283 2758 443 2802 lubria
480 2757 554 2801 vel
594 2758 740 2801 etiam
783 2756 1030 2802 mortifera
1077 2772 1199 2813 esse,
1246 2756 1418 2802 deinde
1457 2755 1657 2803 diversis
1695 2754 1978 2803 animalibus

282 2830 494 2890 singulas
526 2846 602 2877 res
635 2831 834 2877 diversis
866 2831 1018 2878 modis
1051 2837 1191 2891 aptas
1224 2847 1325 2878 esse
1358 2832 1501 2887 dicat,
1536 2837 1639 2877 tum
1659 2831 1839 2877 homini
1872 2846 1979 2877 cum

282 2906 459 2952 multas
492 2905 611 2953 alias
644 2920 721 2951 res
753 2910 858 2951 tum
889 2906 1155 2962 nonnullas,
1198 2922 1317 2966 quas
1357 2912 1490 2953 terra
1534 2906 1737 2963 exhalet,
1782 2905 1978 2953 infestas

282 2997 384 3028 esse
419 2981 603 3027 doceat.
667 2981 740 3026 Ex
772 2980 847 3027 his
879 2982 1152 3041 praemissis
1185 2997 1388 3041 quorum
1409 2983 1617 3042 primum
1648 2981 1862 3028 versibus
1886 2982 1977 3029 769

283 3057 453 3113 —772
488 3054 693 3102 alterum
726 3072 795 3103 vv.
832 3058 1095 3113 773—776,
1131 3058 1327 3104 tertium
1368 3074 1437 3104 vv.
1480 3057 1727 3104 781--817
1764 3058 1977 3104 contine-

281 3137 382 3186 tur,
433 3129 677 3177 concludit
721 3131 810 3192 (vv.
852 3132 944 3178 818
984 3133 1137 3194 seqq.)
1178 3148 1204 3179 e
1240 3137 1371 3179 terra
1412 3147 1488 3179 res
1520 3147 1710 3194 quoque
1748 3131 1977 3189 exhalari,
