<?xml version="1.0" encoding="UTF-8"?>
<!DOCTYPE html PUBLIC "-//W3C//DTD XHTML 1.0 Transitional//EN"
    "http://www.w3.org/TR/xhtml1/DTD/xhtml1-transitional.dtd">
<html xmlns="http://www.w3.org/1999/xhtml" xml:lang="en" lang="en">
 <head>
  <title>
</title>
<meta http-equiv="Content-Type" content="text/html;charset=utf-8" />
  <meta name='ocr-system' content='tesseract 3.04.00' />
  <meta name='ocr-capabilities' content='ocr_page ocr_carea ocr_par ocr_line ocrx_word'/>
</head>
<body>
  <div class='ocr_page' id='page_1' title='image "./4626153_0036.png"; bbox 0 0 2118 3522; ppageno 0'>
   <div class='ocr_carea' id='block_1_1' title="bbox 1091 225 1153 271">
    <p class='ocr_par' dir='ltr' id='par_1_1' title="bbox 1091 225 1153 271">
     <span class='ocr_line' id='line_1_1' title="bbox 1091 225 1153 271; baseline 0 0"><span class='ocrx_word' id='word_1_1' title='bbox 1091 225 1153 271; x_wconf 87' lang='lat'>30</span> 
     </span>
    </p>
   </div>
   <div class='ocr_carea' id='block_1_2' title="bbox 268 359 1969 656">
    <p class='ocr_par' dir='ltr' id='par_1_2' title="bbox 268 359 1969 656">
     <span class='ocr_line' id='line_1_2' title="bbox 268 359 1968 428; baseline -0.005 -14"><span class='ocrx_word' id='word_1_2' title='bbox 268 370 497 428; x_wconf 85' lang='lat' dir='ltr'>pervenit,</span> <span class='ocrx_word' id='word_1_3' title='bbox 547 381 701 425; x_wconf 87' lang='lat' dir='ltr'>neque</span> <span class='ocrx_word' id='word_1_4' title='bbox 750 363 799 407; x_wconf 90' lang='lat' dir='ltr'>in</span> <span class='ocrx_word' id='word_1_5' title='bbox 847 361 1023 407; x_wconf 89' lang='lat' dir='ltr'>multas</span> <span class='ocrx_word' id='word_1_6' title='bbox 1070 362 1301 422; x_wconf 86' lang='lat' dir='ltr'>imagines</span> <span class='ocrx_word' id='word_1_7' title='bbox 1349 379 1400 411; x_wconf 88' lang='lat' dir='ltr'>se</span> <span class='ocrx_word' id='word_1_8' title='bbox 1445 364 1616 412; x_wconf 84' lang='lat' dir='ltr'>dividit</span> <span class='ocrx_word' id='word_1_9' title='bbox 1660 377 1814 422; x_wconf 87' lang='lat' dir='ltr'>neque</span> <span class='ocrx_word' id='word_1_10' title='bbox 1847 359 1968 408; x_wconf 88' lang='lat' dir='ltr'>alias</span> 
     </span>
     <span class='ocr_line' id='line_1_3' title="bbox 268 437 1969 504; baseline -0.005 -14"><span class='ocrx_word' id='word_1_11' title='bbox 268 444 497 504; x_wconf 79' lang='lat' dir='ltr'>imagines</span> <span class='ocrx_word' id='word_1_12' title='bbox 530 460 560 491; x_wconf 85' lang='lat' dir='ltr'>a</span> <span class='ocrx_word' id='word_1_13' title='bbox 592 460 642 491; x_wconf 88' lang='lat' dir='ltr'>se</span> <span class='ocrx_word' id='word_1_14' title='bbox 688 439 878 495; x_wconf 89' lang='lat' dir='ltr'>emittit,</span> <span class='ocrx_word' id='word_1_15' title='bbox 928 437 1014 483; x_wconf 88' lang='lat' dir='ltr'>sed</span> <span class='ocrx_word' id='word_1_16' title='bbox 1061 438 1316 486; x_wconf 86' lang='lat' dir='ltr'>derecta</span> <span class='ocrx_word' id='word_1_17' title='bbox 1364 440 1480 496; x_wconf 89' lang='lat' dir='ltr'>via,</span> <span class='ocrx_word' id='word_1_18' title='bbox 1532 445 1595 486; x_wconf 92' lang='lat' dir='ltr'>ut</span> <span class='ocrx_word' id='word_1_19' title='bbox 1645 437 1828 485; x_wconf 89' lang='lat' dir='ltr'>semel</span> <span class='ocrx_word' id='word_1_20' title='bbox 1879 440 1969 482; x_wconf 91' lang='lat' dir='ltr'>est</span> 
     </span>
     <span class='ocr_line' id='line_1_4' title="bbox 268 512 1965 576; baseline -0.005 -10"><span class='ocrx_word' id='word_1_21' title='bbox 268 521 467 576; x_wconf 89' lang='lat' dir='ltr'>missa,</span> <span class='ocrx_word' id='word_1_22' title='bbox 515 519 660 566; x_wconf 85' lang='lat' dir='ltr'>altius</span> <span class='ocrx_word' id='word_1_23' title='bbox 710 530 896 575; x_wconf 83' lang='lat' dir='ltr'>semper</span> <span class='ocrx_word' id='word_1_24' title='bbox 943 513 993 559; x_wconf 90' lang='lat' dir='ltr'>in</span> <span class='ocrx_word' id='word_1_25' title='bbox 1037 514 1159 560; x_wconf 85' lang='lat' dir='ltr'>aeris</span> <span class='ocrx_word' id='word_1_26' title='bbox 1206 513 1445 561; x_wconf 89' lang='lat' dir='ltr'>infinitum</span> <span class='ocrx_word' id='word_1_27' title='bbox 1487 516 1697 575; x_wconf 89' lang='lat' dir='ltr'>spatium</span> <span class='ocrx_word' id='word_1_28' title='bbox 1737 512 1965 567; x_wconf 82' lang='lat' dir='ltr'>ascendit,</span> 
     </span>
     <span class='ocr_line' id='line_1_5' title="bbox 268 594 1774 656; baseline -0.005 -14"><span class='ocrx_word' id='word_1_29' title='bbox 268 596 470 656; x_wconf 89' lang='lat' dir='ltr'>ideoque</span> <span class='ocrx_word' id='word_1_30' title='bbox 503 596 586 655; x_wconf 92' lang='lat' dir='ltr'>qui</span> <span class='ocrx_word' id='word_1_31' title='bbox 619 598 757 641; x_wconf 84' lang='lat' dir='ltr'>extra</span> <span class='ocrx_word' id='word_1_32' title='bbox 788 605 978 650; x_wconf 83' lang='lat' dir='ltr'>saepem</span> <span class='ocrx_word' id='word_1_33' title='bbox 1014 594 1099 646; x_wconf 89' lang='lat' dir='ltr'>est,</span> <span class='ocrx_word' id='word_1_34' title='bbox 1134 605 1219 637; x_wconf 87' lang='lat' dir='ltr'>nos</span> <span class='ocrx_word' id='word_1_35' title='bbox 1254 606 1443 637; x_wconf 87' lang='lat' dir='ltr'>cernere</span> <span class='ocrx_word' id='word_1_36' title='bbox 1475 605 1569 637; x_wconf 87' lang='lat' dir='ltr'>non</span> <span class='ocrx_word' id='word_1_37' title='bbox 1602 594 1774 650; x_wconf 91' lang='lat' dir='ltr'>potest.</span> 
     </span>
    </p>
   </div>
   <div class='ocr_carea' id='block_1_3' title="bbox 266 705 1970 997">
    <p class='ocr_par' dir='ltr' id='par_1_3' title="bbox 266 705 1970 997">
     <span class='ocr_line' id='line_1_6' title="bbox 394 705 1968 771; baseline -0.004 -15"><span class='ocrx_word' id='word_1_38' title='bbox 394 709 609 771; x_wconf 78' lang='lat' dir='ltr'>Apparet</span> <span class='ocrx_word' id='word_1_39' title='bbox 640 708 790 769; x_wconf 88' lang='lat' dir='ltr'>igitur</span> <span class='ocrx_word' id='word_1_40' title='bbox 822 705 1097 753; x_wconf 85' lang='lat' dir='ltr'>Lucretium</span> <span class='ocrx_word' id='word_1_41' title='bbox 1130 722 1198 753; x_wconf 85' lang='lat' dir='ltr'>vv.</span> <span class='ocrx_word' id='word_1_42' title='bbox 1226 706 1477 754; x_wconf 82' lang='lat'>601—606</span> <span class='ocrx_word' id='word_1_43' title='bbox 1509 722 1603 754; x_wconf 91' lang='lat' dir='ltr'>non</span> <span class='ocrx_word' id='word_1_44' title='bbox 1639 706 1834 754; x_wconf 88' lang='lat' dir='ltr'>eandem</span> <span class='ocrx_word' id='word_1_45' title='bbox 1867 720 1968 751; x_wconf 91' lang='lat' dir='ltr'>rem</span> 
     </span>
     <span class='ocr_line' id='line_1_7' title="bbox 266 781 1970 845; baseline -0.003 -13"><span class='ocrx_word' id='word_1_46' title='bbox 266 791 478 832; x_wconf 84' lang='lat' dir='ltr'>tractare</span> <span class='ocrx_word' id='word_1_47' title='bbox 512 790 656 845; x_wconf 89' lang='lat' dir='ltr'>atque</span> <span class='ocrx_word' id='word_1_48' title='bbox 691 801 759 831; x_wconf 88' lang='lat' dir='ltr'>vv.</span> <span class='ocrx_word' id='word_1_49' title='bbox 793 782 1059 839; x_wconf 80' lang='lat'>561—565,</span> <span class='ocrx_word' id='word_1_50' title='bbox 1104 782 1188 828; x_wconf 89' lang='lat' dir='ltr'>sed</span> <span class='ocrx_word' id='word_1_51' title='bbox 1228 798 1279 828; x_wconf 90' lang='lat' dir='ltr'>re</span> <span class='ocrx_word' id='word_1_52' title='bbox 1315 782 1391 839; x_wconf 86' lang='lat' dir='ltr'>ibi</span> <span class='ocrx_word' id='word_1_53' title='bbox 1438 782 1656 843; x_wconf 84' lang='lat' dir='ltr'>exposita</span> <span class='ocrx_word' id='word_1_54' title='bbox 1699 781 1762 829; x_wconf 89' lang='lat' dir='ltr'>ad</span> <span class='ocrx_word' id='word_1_55' title='bbox 1802 795 1970 828; x_wconf 87' lang='lat' dir='ltr'>novam</span> 
     </span>
     <span class='ocr_line' id='line_1_8' title="bbox 266 857 1968 918; baseline -0.005 -10"><span class='ocrx_word' id='word_1_56' title='bbox 266 878 367 908; x_wconf 90' lang='lat' dir='ltr'>rem</span> <span class='ocrx_word' id='word_1_57' title='bbox 403 860 823 908; x_wconf 77' lang='lat' dir='ltr'>demonstrandam</span> <span class='ocrx_word' id='word_1_58' title='bbox 855 860 941 906; x_wconf 92' lang='lat' dir='ltr'>uti.</span> <span class='ocrx_word' id='word_1_59' title='bbox 1007 858 1075 904; x_wconf 86' lang='lat' dir='ltr'>Eo</span> <span class='ocrx_word' id='word_1_60' title='bbox 1112 858 1241 918; x_wconf 88' lang='lat' dir='ltr'>quod</span> <span class='ocrx_word' id='word_1_61' title='bbox 1287 875 1356 904; x_wconf 86' lang='lat' dir='ltr'>vv.</span> <span class='ocrx_word' id='word_1_62' title='bbox 1402 859 1653 905; x_wconf 88' lang='lat'>601——609</span> <span class='ocrx_word' id='word_1_63' title='bbox 1698 857 1968 904; x_wconf 76' lang='lat' dir='ltr'>continetur</span> 
     </span>
     <span class='ocr_line' id='line_1_9' title="bbox 266 933 1774 997; baseline -0.003 -14"><span class='ocrx_word' id='word_1_64' title='bbox 266 942 547 997; x_wconf 87' lang='lat' dir='ltr'>argumento</span> <span class='ocrx_word' id='word_1_65' title='bbox 581 937 741 997; x_wconf 88' lang='lat' dir='ltr'>agitur</span> <span class='ocrx_word' id='word_1_66' title='bbox 774 936 835 982; x_wconf 89' lang='lat' dir='ltr'>de</span> <span class='ocrx_word' id='word_1_67' title='bbox 867 934 971 982; x_wconf 85' lang='lat' dir='ltr'>loeo</span> <span class='ocrx_word' id='word_1_68' title='bbox 1005 934 1220 982; x_wconf 86' lang='lat' dir='ltr'>omnibus</span> <span class='ocrx_word' id='word_1_69' title='bbox 1255 949 1313 981; x_wconf 84' lang='lat' dir='ltr'>ex</span> <span class='ocrx_word' id='word_1_70' title='bbox 1345 933 1566 994; x_wconf 87' lang='lat' dir='ltr'>partibus</span> <span class='ocrx_word' id='word_1_71' title='bbox 1601 933 1774 981; x_wconf 85' lang='lat' dir='ltr'>clauso.</span> 
     </span>
    </p>
   </div>
   <div class='ocr_carea' id='block_1_4' title="bbox 265 1046 1970 1637">
    <p class='ocr_par' dir='ltr' id='par_1_4' title="bbox 265 1046 1970 1637">
     <span class='ocr_line' id='line_1_10' title="bbox 392 1046 1967 1107; baseline -0.003 -12"><span class='ocrx_word' id='word_1_72' title='bbox 392 1049 570 1095; x_wconf 87' lang='lat' dir='ltr'>Versus</span> <span class='ocrx_word' id='word_1_73' title='bbox 604 1054 765 1095; x_wconf 87' lang='lat' dir='ltr'>autem</span> <span class='ocrx_word' id='word_1_74' title='bbox 788 1048 1051 1094; x_wconf 80' lang='lat'>610-612.</span> <span class='ocrx_word' id='word_1_75' title='bbox 1071 1052 1181 1107; x_wconf 90' lang='lat' dir='ltr'>post</span> <span class='ocrx_word' id='word_1_76' title='bbox 1212 1063 1252 1093; x_wconf 87' lang='lat' dir='ltr'>v.</span> <span class='ocrx_word' id='word_1_77' title='bbox 1272 1047 1364 1094; x_wconf 91' lang='lat'>600</span> <span class='ocrx_word' id='word_1_78' title='bbox 1399 1046 1698 1094; x_wconf 80' lang='lat' dir='ltr'>collocandos</span> <span class='ocrx_word' id='word_1_79' title='bbox 1732 1059 1834 1092; x_wconf 88' lang='lat' dir='ltr'>esse</span> <span class='ocrx_word' id='word_1_80' title='bbox 1867 1058 1967 1091; x_wconf 91' lang='lat' dir='ltr'>mo-</span> 
     </span>
     <span class='ocr_line' id='line_1_11' title="bbox 267 1120 1969 1182; baseline -0.003 -12"><span class='ocrx_word' id='word_1_81' title='bbox 267 1124 427 1170; x_wconf 88' lang='lat' dir='ltr'>nuisse</span> <span class='ocrx_word' id='word_1_82' title='bbox 461 1125 579 1170; x_wconf 89' lang='lat' dir='ltr'>satis</span> <span class='ocrx_word' id='word_1_83' title='bbox 616 1130 700 1170; x_wconf 90' lang='lat' dir='ltr'>est.</span> <span class='ocrx_word' id='word_1_84' title='bbox 756 1124 962 1182; x_wconf 87' lang='lat' dir='ltr'>Corrigit</span> <span class='ocrx_word' id='word_1_85' title='bbox 993 1123 1244 1169; x_wconf 83' lang='lat' dir='ltr'>Lucretius</span> <span class='ocrx_word' id='word_1_86' title='bbox 1277 1123 1351 1169; x_wconf 85' lang='lat' dir='ltr'>his</span> <span class='ocrx_word' id='word_1_87' title='bbox 1374 1139 1458 1179; x_wconf 65' lang='lat' dir='ltr'>vv„</span> <span class='ocrx_word' id='word_1_88' title='bbox 1493 1123 1622 1182; x_wconf 89' lang='lat' dir='ltr'>quod</span> <span class='ocrx_word' id='word_1_89' title='bbox 1650 1127 1793 1168; x_wconf 87' lang='lat' dir='ltr'>antea</span> <span class='ocrx_word' id='word_1_90' title='bbox 1814 1120 1969 1166; x_wconf 88' lang='lat' dir='ltr'>minus</span> 
     </span>
     <span class='ocr_line' id='line_1_12' title="bbox 266 1197 1966 1260; baseline -0.002 -14"><span class='ocrx_word' id='word_1_91' title='bbox 266 1204 492 1246; x_wconf 83' lang='lat' dir='ltr'>accurate</span> <span class='ocrx_word' id='word_1_92' title='bbox 527 1198 673 1245; x_wconf 84' lang='lat' dir='ltr'>dixit:</span> <span class='ocrx_word' id='word_1_93' title='bbox 707 1214 868 1246; x_wconf 83' lang='lat' dir='ltr'>vocem</span> <span class='ocrx_word' id='word_1_94' title='bbox 901 1214 988 1260; x_wconf 89' lang='lat' dir='ltr'>per</span> <span class='ocrx_word' id='word_1_95' title='bbox 1019 1197 1144 1245; x_wconf 86' lang='lat' dir='ltr'>flexa</span> <span class='ocrx_word' id='word_1_96' title='bbox 1175 1198 1408 1245; x_wconf 86' lang='lat' dir='ltr'>foramina</span> <span class='ocrx_word' id='word_1_97' title='bbox 1440 1198 1799 1245; x_wconf 85' lang='lat' dir='ltr'>ineolumem</span> <span class='ocrx_word' id='word_1_98' title='bbox 1831 1201 1966 1242; x_wconf 86' lang='lat' dir='ltr'>tran·-</span> 
     </span>
     <span class='ocr_line' id='line_1_13' title="bbox 266 1273 1969 1336; baseline -0.002 -15"><span class='ocrx_word' id='word_1_99' title='bbox 266 1276 374 1321; x_wconf 86' lang='lat' dir='ltr'>sire.</span> <span class='ocrx_word' id='word_1_100' title='bbox 437 1274 570 1321; x_wconf 84' lang='lat' dir='ltr'>Haeo</span> <span class='ocrx_word' id='word_1_101' title='bbox 602 1291 747 1335; x_wconf 91' lang='lat' dir='ltr'>quam</span> <span class='ocrx_word' id='word_1_102' title='bbox 780 1289 993 1336; x_wconf 88' lang='lat' dir='ltr'>propono</span> <span class='ocrx_word' id='word_1_103' title='bbox 1027 1274 1350 1335; x_wconf 84' lang='lat' dir='ltr'>transpositio,</span> <span class='ocrx_word' id='word_1_104' title='bbox 1387 1274 1574 1321; x_wconf 86' lang='lat' dir='ltr'>etiamsi</span> <span class='ocrx_word' id='word_1_105' title='bbox 1606 1273 1668 1321; x_wconf 85' lang='lat' dir='ltr'>ab</span> <span class='ocrx_word' id='word_1_106' title='bbox 1692 1276 1969 1333; x_wconf 86' lang='lat' dir='ltr'>argumento</span> 
     </span>
     <span class='ocr_line' id='line_1_14' title="bbox 266 1347 1970 1412; baseline -0.003 -14"><span class='ocrx_word' id='word_1_107' title='bbox 266 1366 488 1398; x_wconf 86' lang='lat' dir='ltr'>versuum</span> <span class='ocrx_word' id='word_1_108' title='bbox 540 1352 791 1399; x_wconf 81' lang='lat'>610—612</span> <span class='ocrx_word' id='word_1_109' title='bbox 840 1366 1036 1412; x_wconf 87' lang='lat' dir='ltr'>prorsus</span> <span class='ocrx_word' id='word_1_110' title='bbox 1085 1351 1382 1407; x_wconf 86' lang='lat' dir='ltr'>discesseris,</span> <span class='ocrx_word' id='word_1_111' title='bbox 1436 1351 1533 1396; x_wconf 84' lang='lat' dir='ltr'>iam</span> <span class='ocrx_word' id='word_1_112' title='bbox 1579 1354 1776 1410; x_wconf 88' lang='lat' dir='ltr'>propter</span> <span class='ocrx_word' id='word_1_113' title='bbox 1825 1347 1970 1394; x_wconf 84' lang='lat' dir='ltr'>verba</span> 
     </span>
     <span class='ocr_line' id='line_1_15' title="bbox 266 1425 1969 1488; baseline -0.002 -17"><span class='ocrx_word' id='word_1_114' title='bbox 266 1425 407 1472; x_wconf 85' lang='lat' dir='ltr'>haec</span> <span class='ocrx_word' id='word_1_115' title='bbox 441 1440 553 1471; x_wconf 86' lang='lat' dir='ltr'>vox</span> <span class='ocrx_word' id='word_1_116' title='bbox 587 1426 649 1488; x_wconf 89' lang='lat' dir='ltr'>(v.</span> <span class='ocrx_word' id='word_1_117' title='bbox 685 1427 777 1472; x_wconf 88' lang='grc'>610</span> <span class='ocrx_word' id='word_1_118' title='bbox 812 1431 860 1472; x_wconf 88' lang='lat' dir='ltr'>et</span> <span class='ocrx_word' id='word_1_119' title='bbox 884 1426 997 1487; x_wconf 88' lang='grc'>611)</span> <span class='ocrx_word' id='word_1_120' title='bbox 1032 1426 1302 1472; x_wconf 88' lang='lat' dir='ltr'>necessaria</span> <span class='ocrx_word' id='word_1_121' title='bbox 1336 1430 1431 1481; x_wconf 82' lang='lat' dir='ltr'>est3</span> <span class='ocrx_word' id='word_1_122' title='bbox 1465 1441 1577 1472; x_wconf 90' lang='lat' dir='ltr'>nam</span> <span class='ocrx_word' id='word_1_123' title='bbox 1609 1442 1650 1473; x_wconf 80' lang='lat' dir='ltr'>v.</span> <span class='ocrx_word' id='word_1_124' title='bbox 1675 1425 1767 1471; x_wconf 92' lang='lat'>609</span> <span class='ocrx_word' id='word_1_125' title='bbox 1799 1437 1969 1470; x_wconf 87' lang='lat' dir='ltr'>voces</span> 
     </span>
     <span class='ocr_line' id='line_1_16' title="bbox 265 1499 1969 1567; baseline -0.001 -21"><span class='ocrx_word' id='word_1_126' title='bbox 265 1501 442 1561; x_wconf 90' lang='lat' dir='ltr'>plurali</span> <span class='ocrx_word' id='word_1_127' title='bbox 477 1517 672 1548; x_wconf 86' lang='lat' dir='ltr'>numero</span> <span class='ocrx_word' id='word_1_128' title='bbox 706 1502 1022 1557; x_wconf 83' lang='lat' dir='ltr'>inveniuntur,</span> <span class='ocrx_word' id='word_1_129' title='bbox 1068 1516 1206 1547; x_wconf 87' lang='lat' dir='ltr'>versu</span> <span class='ocrx_word' id='word_1_130' title='bbox 1251 1506 1412 1548; x_wconf 87' lang='lat' dir='ltr'>autem</span> <span class='ocrx_word' id='word_1_131' title='bbox 1444 1502 1535 1549; x_wconf 83' lang='lat'>597</span> <span class='ocrx_word' id='word_1_132' title='bbox 1581 1499 1837 1561; x_wconf 86' lang='lat' dir='ltr'>singularis</span> <span class='ocrx_word' id='word_1_133' title='bbox 1879 1514 1969 1567; x_wconf 89' lang='lat' dir='ltr'>nu-</span> 
     </span>
     <span class='ocr_line' id='line_1_17' title="bbox 266 1576 647 1637; baseline 0 -14"><span class='ocrx_word' id='word_1_134' title='bbox 266 1592 425 1623; x_wconf 88' lang='lat' dir='ltr'>merus</span> <span class='ocrx_word' id='word_1_135' title='bbox 456 1576 647 1637; x_wconf 88' lang='lat' dir='ltr'>legitur.</span> 
     </span>
    </p>
   </div>
   <div class='ocr_carea' id='block_1_5' title="bbox 267 1695 1971 2572">
    <p class='ocr_par' dir='ltr' id='par_1_5' title="bbox 267 1695 1971 2572">
     <span class='ocr_line' id='line_1_18' title="bbox 393 1695 1970 1750; baseline -0.001 -6"><span class='ocrx_word' id='word_1_136' title='bbox 393 1695 554 1744; x_wconf 89' lang='lat' dir='ltr'>Unum</span> <span class='ocrx_word' id='word_1_137' title='bbox 586 1712 697 1743; x_wconf 89' lang='lat' dir='ltr'>vero</span> <span class='ocrx_word' id='word_1_138' title='bbox 731 1696 1030 1743; x_wconf 88' lang='lat' dir='ltr'>reticendum</span> <span class='ocrx_word' id='word_1_139' title='bbox 1060 1711 1151 1742; x_wconf 91' lang='lat' dir='ltr'>non</span> <span class='ocrx_word' id='word_1_140' title='bbox 1185 1701 1270 1742; x_wconf 91' lang='lat' dir='ltr'>est.</span> <span class='ocrx_word' id='word_1_141' title='bbox 1298 1748 1300 1750; x_wconf 23' lang='lat'>¹</span> <span class='ocrx_word' id='word_1_142' title='bbox 1336 1697 1587 1743; x_wconf 85' lang='lat' dir='ltr'>Lucretius</span> <span class='ocrx_word' id='word_1_143' title='bbox 1621 1713 1689 1742; x_wconf 85' lang='lat' dir='ltr'>vv.</span> <span class='ocrx_word' id='word_1_144' title='bbox 1719 1696 1970 1742; x_wconf 87' lang='grc'>601-609</span> 
     </span>
     <span class='ocr_line' id='line_1_19' title="bbox 267 1770 1971 1833; baseline 0 -16"><span class='ocrx_word' id='word_1_145' title='bbox 267 1772 597 1817; x_wconf 87' lang='lat' dir='ltr'>demonstrare</span> <span class='ocrx_word' id='word_1_146' title='bbox 631 1772 807 1829; x_wconf 86' lang='lat' dir='ltr'>studet,</span> <span class='ocrx_word' id='word_1_147' title='bbox 854 1770 1090 1832; x_wconf 89' lang='lat' dir='ltr'>quomodo</span> <span class='ocrx_word' id='word_1_148' title='bbox 1139 1785 1276 1817; x_wconf 87' lang='lat' dir='ltr'>voces</span> <span class='ocrx_word' id='word_1_149' title='bbox 1309 1771 1383 1818; x_wconf 87' lang='lat' dir='ltr'>ad</span> <span class='ocrx_word' id='word_1_150' title='bbox 1414 1770 1521 1819; x_wconf 82' lang='lat' dir='ltr'>loca</span> <span class='ocrx_word' id='word_1_151' title='bbox 1552 1772 1849 1833; x_wconf 82' lang='lat' dir='ltr'>perveniunt,</span> <span class='ocrx_word' id='word_1_152' title='bbox 1898 1770 1971 1818; x_wconf 90' lang='lat' dir='ltr'>ad</span> 
     </span>
     <span class='ocr_line' id='line_1_20' title="bbox 268 1846 1971 1909; baseline 0.001 -16"><span class='ocrx_word' id='word_1_153' title='bbox 268 1863 392 1907; x_wconf 89' lang='lat' dir='ltr'>quae</span> <span class='ocrx_word' id='word_1_154' title='bbox 426 1846 550 1894; x_wconf 85' lang='lat' dir='ltr'>oculi</span> <span class='ocrx_word' id='word_1_155' title='bbox 584 1863 775 1894; x_wconf 85' lang='lat' dir='ltr'>eernere</span> <span class='ocrx_word' id='word_1_156' title='bbox 808 1863 901 1894; x_wconf 91' lang='lat' dir='ltr'>non</span> <span class='ocrx_word' id='word_1_157' title='bbox 933 1848 1130 1907; x_wconf 87' lang='lat' dir='ltr'>possint,</span> <span class='ocrx_word' id='word_1_158' title='bbox 1167 1864 1236 1893; x_wconf 89' lang='lat' dir='ltr'>vv.</span> <span class='ocrx_word' id='word_1_159' title='bbox 1271 1852 1433 1894; x_wconf 87' lang='lat' dir='ltr'>autem</span> <span class='ocrx_word' id='word_1_160' title='bbox 1466 1847 1718 1896; x_wconf 82' lang='lat'>593—595</span> <span class='ocrx_word' id='word_1_161' title='bbox 1746 1847 1971 1909; x_wconf 89' lang='lat' dir='ltr'>proponit</span> 
     </span>
     <span class='ocr_line' id='line_1_21' title="bbox 268 1923 1970 1984; baseline 0 -14"><span class='ocrx_word' id='word_1_162' title='bbox 268 1924 610 1984; x_wconf 86' lang='lat' dir='ltr'>quaestionem,</span> <span class='ocrx_word' id='word_1_163' title='bbox 663 1924 900 1983; x_wconf 89' lang='lat' dir='ltr'>quomodo</span> <span class='ocrx_word' id='word_1_164' title='bbox 952 1939 1089 1970; x_wconf 87' lang='lat' dir='ltr'>voces</span> <span class='ocrx_word' id='word_1_165' title='bbox 1129 1939 1236 1982; x_wconf 88' lang='lat' dir='ltr'>per</span> <span class='ocrx_word' id='word_1_166' title='bbox 1280 1923 1387 1968; x_wconf 86' lang='lat' dir='ltr'>loca</span> <span class='ocrx_word' id='word_1_167' title='bbox 1429 1924 1644 1980; x_wconf 86' lang='lat' dir='ltr'>veniant,</span> <span class='ocrx_word' id='word_1_168' title='bbox 1697 1939 1797 1983; x_wconf 88' lang='lat' dir='ltr'>per</span> <span class='ocrx_word' id='word_1_169' title='bbox 1847 1938 1970 1983; x_wconf 82' lang='lat' dir='ltr'>quae</span> 
     </span>
     <span class='ocr_line' id='line_1_22' title="bbox 269 1998 1970 2059; baseline -0.001 -14"><span class='ocrx_word' id='word_1_170' title='bbox 269 1999 392 2046; x_wconf 89' lang='lat' dir='ltr'>oculi</span> <span class='ocrx_word' id='word_1_171' title='bbox 428 2014 621 2045; x_wconf 86' lang='lat' dir='ltr'>cernere</span> <span class='ocrx_word' id='word_1_172' title='bbox 653 2012 746 2044; x_wconf 88' lang='lat' dir='ltr'>non</span> <span class='ocrx_word' id='word_1_173' title='bbox 779 1998 975 2057; x_wconf 73' lang='lat' dir='ltr'>possint</span> <span class='ocrx_word' id='word_1_174' title='bbox 1042 1998 1145 2045; x_wconf 84' lang='lat' dir='ltr'>Hoc</span> <span class='ocrx_word' id='word_1_175' title='bbox 1189 1998 1355 2044; x_wconf 87' lang='lat' dir='ltr'>vitium</span> <span class='ocrx_word' id='word_1_176' title='bbox 1397 1998 1581 2046; x_wconf 91' lang='lat' dir='ltr'>duobus</span> <span class='ocrx_word' id='word_1_177' title='bbox 1622 1998 1774 2045; x_wconf 89' lang='lat' dir='ltr'>modis</span> <span class='ocrx_word' id='word_1_178' title='bbox 1819 1998 1970 2059; x_wconf 87' lang='lat' dir='ltr'>expli-</span> 
     </span>
     <span class='ocr_line' id='line_1_23' title="bbox 270 2073 1969 2135; baseline 0 -14"><span class='ocrx_word' id='word_1_179' title='bbox 270 2075 369 2121; x_wconf 84' lang='lat' dir='ltr'>cari</span> <span class='ocrx_word' id='word_1_180' title='bbox 412 2079 599 2135; x_wconf 88' lang='lat' dir='ltr'>potest:</span> <span class='ocrx_word' id='word_1_181' title='bbox 644 2078 730 2120; x_wconf 88' lang='lat' dir='ltr'>aut</span> <span class='ocrx_word' id='word_1_182' title='bbox 770 2073 1022 2120; x_wconf 86' lang='lat' dir='ltr'>Lucretius</span> <span class='ocrx_word' id='word_1_183' title='bbox 1068 2090 1137 2120; x_wconf 87' lang='lat' dir='ltr'>vv.</span> <span class='ocrx_word' id='word_1_184' title='bbox 1173 2074 1424 2121; x_wconf 83' lang='lat'>601—609</span> <span class='ocrx_word' id='word_1_185' title='bbox 1467 2080 1636 2134; x_wconf 86' lang='lat' dir='ltr'>postea</span> <span class='ocrx_word' id='word_1_186' title='bbox 1677 2074 1865 2121; x_wconf 83' lang='lat' dir='ltr'>addidit</span> <span class='ocrx_word' id='word_1_187' title='bbox 1909 2102 1969 2107; x_wconf 92' lang='lat'>—</span> 
     </span>
     <span class='ocr_line' id='line_1_24' title="bbox 268 2148 1971 2210; baseline 0 -16"><span class='ocrx_word' id='word_1_188' title='bbox 268 2149 412 2210; x_wconf 88' lang='lat' dir='ltr'>idque</span> <span class='ocrx_word' id='word_1_189' title='bbox 445 2149 560 2196; x_wconf 87' lang='lat' dir='ltr'>licet</span> <span class='ocrx_word' id='word_1_190' title='bbox 605 2149 831 2209; x_wconf 83' lang='lat' dir='ltr'>cogitare,</span> <span class='ocrx_word' id='word_1_191' title='bbox 878 2164 985 2195; x_wconf 87' lang='lat' dir='ltr'>cum</span> <span class='ocrx_word' id='word_1_192' title='bbox 1035 2165 1105 2195; x_wconf 86' lang='lat' dir='ltr'>vv.</span> <span class='ocrx_word' id='word_1_193' title='bbox 1142 2149 1393 2195; x_wconf 84' lang='grc'>610-612</span> <span class='ocrx_word' id='word_1_194' title='bbox 1434 2148 1554 2195; x_wconf 88' lang='lat' dir='ltr'>falso</span> <span class='ocrx_word' id='word_1_195' title='bbox 1601 2149 1706 2197; x_wconf 90' lang='lat' dir='ltr'>loco</span> <span class='ocrx_word' id='word_1_196' title='bbox 1747 2149 1971 2209; x_wconf 88' lang='lat' dir='ltr'>legantur</span> 
     </span>
     <span class='ocr_line' id='line_1_25' title="bbox 269 2223 1970 2281; baseline 0.001 -11"><span class='ocrx_word' id='word_1_197' title='bbox 269 2252 345 2280; x_wconf 92' lang='lat'>—,</span> <span class='ocrx_word' id='word_1_198' title='bbox 383 2230 431 2271; x_wconf 91' lang='lat' dir='ltr'>et</span> <span class='ocrx_word' id='word_1_199' title='bbox 464 2241 534 2270; x_wconf 87' lang='lat' dir='ltr'>vv.</span> <span class='ocrx_word' id='word_1_200' title='bbox 570 2224 664 2270; x_wconf 82' lang='lat'>594</span> <span class='ocrx_word' id='word_1_201' title='bbox 697 2228 746 2269; x_wconf 84' lang='lat' dir='ltr'>et</span> <span class='ocrx_word' id='word_1_202' title='bbox 777 2223 871 2269; x_wconf 79' lang='lat'>595</span> <span class='ocrx_word' id='word_1_203' title='bbox 905 2228 1093 2269; x_wconf 88' lang='lat' dir='ltr'>mutare</span> <span class='ocrx_word' id='word_1_204' title='bbox 1127 2223 1304 2269; x_wconf 90' lang='lat' dir='ltr'>oblitus</span> <span class='ocrx_word' id='word_1_205' title='bbox 1349 2229 1434 2281; x_wconf 89' lang='lat' dir='ltr'>est,</span> <span class='ocrx_word' id='word_1_206' title='bbox 1478 2229 1564 2271; x_wconf 86' lang='lat' dir='ltr'>aut</span> <span class='ocrx_word' id='word_1_207' title='bbox 1607 2241 1676 2272; x_wconf 76' lang='lat' dir='ltr'>vv.</span> <span class='ocrx_word' id='word_1_208' title='bbox 1718 2224 1970 2271; x_wconf 60' lang='lat'>594—595</span> 
     </span>
     <span class='ocr_line' id='line_1_26' title="bbox 270 2297 1970 2360; baseline 0 -15"><span class='ocrx_word' id='word_1_209' title='bbox 270 2313 366 2345; x_wconf 89' lang='lat' dir='ltr'>non</span> <span class='ocrx_word' id='word_1_210' title='bbox 399 2298 517 2345; x_wconf 89' lang='lat' dir='ltr'>satis</span> <span class='ocrx_word' id='word_1_211' title='bbox 552 2302 780 2346; x_wconf 85' lang='lat' dir='ltr'>accurato</span> <span class='ocrx_word' id='word_1_212' title='bbox 816 2297 1004 2344; x_wconf 88' lang='lat' dir='ltr'>dicendi</span> <span class='ocrx_word' id='word_1_213' title='bbox 1039 2314 1211 2358; x_wconf 89' lang='lat' dir='ltr'>genere</span> <span class='ocrx_word' id='word_1_214' title='bbox 1244 2315 1359 2346; x_wconf 92' lang='lat' dir='ltr'>usus</span> <span class='ocrx_word' id='word_1_215' title='bbox 1392 2305 1487 2354; x_wconf 85' lang='lat' dir='ltr'>est3</span> <span class='ocrx_word' id='word_1_216' title='bbox 1533 2300 1663 2360; x_wconf 89' lang='lat' dir='ltr'>quod</span> <span class='ocrx_word' id='word_1_217' title='bbox 1695 2299 1835 2347; x_wconf 82' lang='lat' dir='ltr'>facile</span> <span class='ocrx_word' id='word_1_218' title='bbox 1866 2299 1970 2346; x_wconf 89' lang='lat' dir='ltr'>fieri</span> 
     </span>
     <span class='ocr_line' id='line_1_27' title="bbox 269 2374 1970 2437; baseline 0.001 -17"><span class='ocrx_word' id='word_1_219' title='bbox 269 2374 441 2435; x_wconf 90' lang='lat' dir='ltr'>potuit,</span> <span class='ocrx_word' id='word_1_220' title='bbox 478 2389 585 2420; x_wconf 86' lang='lat' dir='ltr'>cum</span> <span class='ocrx_word' id='word_1_221' title='bbox 617 2388 720 2430; x_wconf 84' lang='lat' dir='ltr'>vox,</span> <span class='ocrx_word' id='word_1_222' title='bbox 750 2387 874 2433; x_wconf 87' lang='lat' dir='ltr'>quae</span> <span class='ocrx_word' id='word_1_223' title='bbox 908 2378 1045 2420; x_wconf 89' lang='lat' dir='ltr'>extra</span> <span class='ocrx_word' id='word_1_224' title='bbox 1076 2389 1266 2435; x_wconf 89' lang='lat' dir='ltr'>saepem</span> <span class='ocrx_word' id='word_1_225' title='bbox 1290 2375 1498 2432; x_wconf 84' lang='lat' dir='ltr'>auditur,</span> <span class='ocrx_word' id='word_1_226' title='bbox 1535 2391 1635 2436; x_wconf 87' lang='lat' dir='ltr'>per</span> <span class='ocrx_word' id='word_1_227' title='bbox 1667 2391 1858 2437; x_wconf 87' lang='lat' dir='ltr'>saepem</span> <span class='ocrx_word' id='word_1_228' title='bbox 1890 2390 1970 2422; x_wconf 86' lang='lat' dir='ltr'>ve-</span> 
     </span>
     <span class='ocr_line' id='line_1_28' title="bbox 269 2449 1970 2513; baseline 0.001 -17"><span class='ocrx_word' id='word_1_229' title='bbox 269 2450 395 2497; x_wconf 85' lang='lat' dir='ltr'>nisse</span> <span class='ocrx_word' id='word_1_230' title='bbox 427 2449 680 2507; x_wconf 86' lang='lat' dir='ltr'>videretur,</span> <span class='ocrx_word' id='word_1_231' title='bbox 732 2454 780 2496; x_wconf 90' lang='lat' dir='ltr'>et</span> <span class='ocrx_word' id='word_1_232' title='bbox 823 2449 948 2496; x_wconf 88' lang='lat' dir='ltr'>ratio</span> <span class='ocrx_word' id='word_1_233' title='bbox 993 2450 1185 2497; x_wconf 90' lang='lat' dir='ltr'>demum</span> <span class='ocrx_word' id='word_1_234' title='bbox 1219 2467 1324 2499; x_wconf 86' lang='lat' dir='ltr'>eam</span> <span class='ocrx_word' id='word_1_235' title='bbox 1355 2467 1532 2512; x_wconf 88' lang='lat' dir='ltr'>supra</span> <span class='ocrx_word' id='word_1_236' title='bbox 1564 2467 1755 2513; x_wconf 88' lang='lat' dir='ltr'>saepem</span> <span class='ocrx_word' id='word_1_237' title='bbox 1787 2451 1970 2500; x_wconf 84' lang='lat' dir='ltr'>venisse</span> 
     </span>
     <span class='ocr_line' id='line_1_29' title="bbox 270 2525 476 2572; baseline -0.005 0"><span class='ocrx_word' id='word_1_238' title='bbox 270 2525 476 2572; x_wconf 81' lang='lat' dir='ltr'>doceret.</span> 
     </span>
    </p>
   </div>
   <div class='ocr_carea' id='block_1_6' title="bbox 266 2640 1971 3078">
    <p class='ocr_par' dir='ltr' id='par_1_6' title="bbox 266 2640 1971 3078">
     <span class='ocr_line' id='line_1_30' title="bbox 398 2640 1969 2701; baseline 0.002 -15"><span class='ocrx_word' id='word_1_239' title='bbox 398 2640 869 2687; x_wconf 89' lang='lat' dir='ltr'>Commemorandum</span> <span class='ocrx_word' id='word_1_240' title='bbox 903 2640 1106 2701; x_wconf 89' lang='lat' dir='ltr'>denique</span> <span class='ocrx_word' id='word_1_241' title='bbox 1140 2646 1225 2698; x_wconf 86' lang='lat' dir='ltr'>est,</span> <span class='ocrx_word' id='word_1_242' title='bbox 1261 2658 1300 2688; x_wconf 90' lang='lat' dir='ltr'>v.</span> <span class='ocrx_word' id='word_1_243' title='bbox 1335 2642 1427 2688; x_wconf 92' lang='lat'>609</span> <span class='ocrx_word' id='word_1_244' title='bbox 1471 2642 1686 2689; x_wconf 86' lang='lat' dir='ltr'>codicum</span> <span class='ocrx_word' id='word_1_245' title='bbox 1718 2642 1969 2690; x_wconf 75' lang='lat' dir='ltr'>lectionem</span> 
     </span>
     <span class='ocr_line' id='line_1_31' title="bbox 268 2715 1969 2778; baseline 0.001 -16"><span class='ocrx_word' id='word_1_246' title='bbox 268 2731 444 2776; x_wconf 88' lang='lat' dir='ltr'>saepe</span> <span class='ocrx_word' id='word_1_247' title='bbox 479 2716 556 2777; x_wconf 66' lang='lat' dir='ltr'>(z</span> <span class='ocrx_word' id='word_1_248' title='bbox 587 2715 799 2777; x_wconf 88' lang='lat' dir='ltr'>saepem)</span> <span class='ocrx_word' id='word_1_249' title='bbox 833 2717 901 2761; x_wconf 87' lang='lat' dir='ltr'>eis</span> <span class='ocrx_word' id='word_1_250' title='bbox 936 2731 1059 2775; x_wconf 86' lang='lat' dir='ltr'>quae</span> <span class='ocrx_word' id='word_1_251' title='bbox 1093 2717 1291 2776; x_wconf 84' lang='lat' dir='ltr'>exposui</span> <span class='ocrx_word' id='word_1_252' title='bbox 1334 2723 1504 2764; x_wconf 87' lang='lat' dir='ltr'>contra</span> <span class='ocrx_word' id='word_1_253' title='bbox 1536 2717 1838 2778; x_wconf 86' lang='lat' dir='ltr'>Briegerum,</span> <span class='ocrx_word' id='word_1_254' title='bbox 1885 2718 1969 2778; x_wconf 88' lang='lat' dir='ltr'>qui</span> 
     </span>
     <span class='ocr_line' id='line_1_32' title="bbox 268 2791 1971 2854; baseline 0.001 -16"><span class='ocrx_word' id='word_1_255' title='bbox 268 2791 459 2854; x_wconf 88' lang='lat' dir='ltr'>(Philol.</span> <span class='ocrx_word' id='word_1_256' title='bbox 483 2791 558 2847; x_wconf 84' lang='lat'>32,</span> <span class='ocrx_word' id='word_1_257' title='bbox 593 2791 708 2852; x_wconf 83' lang='lat'>489)</span> <span class='ocrx_word' id='word_1_258' title='bbox 744 2793 946 2838; x_wconf 81' lang='lat' dir='ltr'>coniecit</span> <span class='ocrx_word' id='word_1_259' title='bbox 968 2797 1207 2851; x_wconf 87' lang='lat' dir='ltr'>saepta,</span> <span class='ocrx_word' id='word_1_260' title='bbox 1242 2792 1484 2838; x_wconf 85' lang='lat' dir='ltr'>defensam</span> <span class='ocrx_word' id='word_1_261' title='bbox 1517 2807 1645 2848; x_wconf 83' lang='lat' dir='ltr'>esse3</span> <span class='ocrx_word' id='word_1_262' title='bbox 1680 2808 1767 2854; x_wconf 83' lang='lat' dir='ltr'>pro</span> <span class='ocrx_word' id='word_1_263' title='bbox 1790 2807 1971 2854; x_wconf 81' lang='lat' dir='ltr'>supra</span> 
     </span>
     <span class='ocr_line' id='line_1_33' title="bbox 267 2856 1969 2928; baseline 0.001 -15"><span class='ocrx_word' id='word_1_264' title='bbox 267 2872 430 2913; x_wconf 88' lang='lat' dir='ltr'>autem</span> <span class='ocrx_word' id='word_1_265' title='bbox 484 2880 593 2912; x_wconf 88' lang='lat' dir='ltr'>oum</span> <span class='ocrx_word' id='word_1_266' title='bbox 644 2865 948 2914; x_wconf 85' lang='lat' dir='ltr'>Laohmanno</span> <span class='ocrx_word' id='word_1_267' title='bbox 1015 2867 1174 2914; x_wconf 89' lang='lat' dir='ltr'>intra</span> <span class='ocrx_word' id='word_1_268' title='bbox 1230 2866 1482 2926; x_wconf 87' lang='lat' dir='ltr'>legendum</span> <span class='ocrx_word' id='word_1_269' title='bbox 1536 2883 1660 2925; x_wconf 85' lang='lat' dir='ltr'>esse,</span> <span class='ocrx_word' id='word_1_270' title='bbox 1715 2856 1969 2928; x_wconf 78' lang='lat' dir='ltr'>Briegerus</span> 
     </span>
     <span class='ocr_line' id='line_1_34' title="bbox 266 2941 1970 3005; baseline 0.001 -16"><span class='ocrx_word' id='word_1_271' title='bbox 266 2943 318 3004; x_wconf 91' lang='grc'>(1.</span> <span class='ocrx_word' id='word_1_272' title='bbox 354 2943 415 3003; x_wconf 85' lang='lat' dir='ltr'>c.)</span> <span class='ocrx_word' id='word_1_273' title='bbox 450 2941 655 2988; x_wconf 83' lang='lat' dir='ltr'>fortasse</span> <span class='ocrx_word' id='word_1_274' title='bbox 687 2948 816 2988; x_wconf 86' lang='lat' dir='ltr'>recte</span> <span class='ocrx_word' id='word_1_275' title='bbox 849 2943 1157 2997; x_wconf 82' lang='lat' dir='ltr'>iudicaverit3</span> <span class='ocrx_word' id='word_1_276' title='bbox 1194 2943 1394 3003; x_wconf 87' lang='lat' dir='ltr'>cogitari</span> <span class='ocrx_word' id='word_1_277' title='bbox 1426 2943 1570 2990; x_wconf 87' lang='lat' dir='ltr'>etiam</span> <span class='ocrx_word' id='word_1_278' title='bbox 1592 2948 1753 3004; x_wconf 83' lang='lat' dir='ltr'>potest</span> <span class='ocrx_word' id='word_1_279' title='bbox 1787 2958 1970 3005; x_wconf 74' lang='lat' dir='ltr'>supra</span> 
     </span>
     <span class='ocr_line' id='line_1_35' title="bbox 267 3017 978 3078; baseline 0 -14"><span class='ocrx_word' id='word_1_280' title='bbox 267 3033 371 3066; x_wconf 89' lang='lat' dir='ltr'>esse</span> <span class='ocrx_word' id='word_1_281' title='bbox 406 3017 644 3078; x_wconf 85' lang='lat' dir='ltr'>glossema</span> <span class='ocrx_word' id='word_1_282' title='bbox 676 3031 764 3077; x_wconf 91' lang='lat' dir='ltr'>pro</span> <span class='ocrx_word' id='word_1_283' title='bbox 798 3022 978 3065; x_wconf 86' lang='lat' dir='ltr'>trans.</span> 
     </span>
    </p>
   </div>
  </div>
 </body>
</html>
