2118 3522
1077 285 1138 333 39

262 417 646 468 Bookemuellero
684 435 847 469 versus
884 422 1137 470 400—403
1181 427 1291 483 post
1331 437 1519 473 versum
1562 421 1657 472 405
1700 420 1945 476 collocem5

262 508 416 553 neque
452 495 576 540 enim
607 495 756 552 video,
791 512 876 543 cur
907 513 1013 544 cum
1045 514 1139 545 una
1169 498 1316 546 totius
1349 497 1491 546 huius
1523 498 1946 556 argumentationis

262 568 555 631 (ΒΝ-7422)
587 576 725 630 parte
757 572 936 621 arctius
979 574 1327 633 coniungantur
1364 587 1516 631 neque
1559 573 1717 632 potius
1757 573 1830 622 ita
1860 587 1945 632 po-

259 649 448 701 uantur,
482 650 538 692 ut
559 646 799 706 peculiare
819 654 1148 708 argumentum
1180 650 1465 697 contineant.
1519 647 1575 697 Id
1599 647 1943 707 consequimur.

260 720 301 767 si
343 720 534 776 solitum
577 722 922 783 particularum
963 724 1196 782 ordinem,
1255 740 1312 773 ex
1355 739 1448 784 quo
1498 723 1627 784 apud.
1670 723 1944 775 Lucretium

260 801 558 855 postremo
593 798 823 855 ultimum,
861 800 1035 860 deniq
1049 816 1113 846 ue
1135 800 1477 861 paenultimam
1499 803 1831 859 argumentum
1854 798 1942 845 du-

261 870 329 918 cit
360 871 440 934 (cf.
465 888 588 932 quae
620 872 720 920 dixi
753 874 815 920 ad
836 873 871 931 Ι,
906 875 1191 937 370—397),
1223 876 1375 923 secuti
1408 880 1519 924 ante
1552 891 1592 925 v.
1615 874 1706 925 417
1743 888 1822 925 eos
1855 888 1941 933 po-

221 940 224 943 ’
258 947 425 1002 nimus.
488 947 591 994 Hoc
621 948 725 994 loco
758 949 902 995 etiam
932 955 1186 1010 propterea
1205 950 1325 996 bene
1358 965 1407 997 se
1430 949 1622 1005 habent,
1657 948 1799 1008 quod,
1834 962 1941 999 cum

257 1022 306 1067 in
338 1037 556 1068 versuum
601 1024 691 1069 417
696 1025 850 1076 -422
898 1026 1305 1071 enunciationibus
1347 1040 1516 1073 nomen
1559 1025 1688 1074 Jovis
1721 1025 1796 1080 ,sit
1827 1023 1939 1070 sub-

251 1096 432 1155 jectum
463 1097 592 1156 quod
624 1102 807 1153 vocant,
840 1097 890 1143 111
922 1099 1134 1145 versibus
1167 1104 1325 1145 autem
1367 1099 1617 1147 412—516
1657 1098 1783 1148 idem
1825 1097 1938 1148 sub-

257 1171 434 1217 iectum
476 1185 570 1218 non
612 1172 698 1218 sit:
742 1176 850 1218 ante
894 1188 936 1220 v.
978 1173 1068 1220 417
1114 1173 1356 1234 aptissime
1402 1173 1432 1220 J
1434 1174 1531 1223 ovis
1574 1188 1743 1222 nomen
1782 1174 1938 1233 ipsum

258 1252 665 1303 commemoratur,
711 1247 854 1306 quod,
898 1263 1005 1296 cum
1046 1248 1171 1297 idem
1213 1255 1357 1309 atque
1399 1250 1447 1297 in
1480 1265 1521 1295 v.
1554 1249 1647 1298 390
1680 1248 1802 1309 (ipse
1835 1248 1864 1294 i.
1898 1262 1937 1301 θ,

256 1321 416 1383 pater)
451 1321 716 1381 subjectum
748 1323 798 1369 in
830 1337 1050 1372 versuum
1092 1324 1339 1372 404—411
1386 1323 1795 1376 enunciationibus
1835 1338 1937 1377 ma-

255 1401 380 1453 neat,
413 1397 525 1443 inde
557 1412 587 1443 a
618 1414 659 1443 v.
683 1398 775 1444 399
804 1412 955 1457 usque
988 1398 1049 1447 ad
1081 1415 1121 1446 v.
1154 1399 1244 1447 411
1280 1400 1466 1450 omnino
1497 1414 1591 1450 non
1624 1397 1935 1451 desideratur.

381 1471 550 1518 Omnia
583 1488 709 1533 quae
740 1472 802 1519 ad
833 1474 1130 1528 sententiam.
1165 1489 1286 1532 quae
1320 1491 1387 1521 vv.
1412 1473 1659 1524 387—389
1692 1472 1937 1531 proposita

255 1551 341 1602 est,
374 1545 677 1594 refutandam
711 1546 997 1604 afferuntur,
1042 1563 1148 1595 mea
1193 1550 1427 1601 sententia
1472 1550 1520 1595 in
1562 1548 1772 1608 quinque
1816 1546 1935 1593 divi-

254 1621 410 1667 denda
461 1628 573 1668 sunt
629 1628 812 1683 partes:
869 1623 916 1684 1)
951 1623 1213 1680 390—399,
1261 1624 1533 1679 404—4053
1587 1623 1640 1684 2)
1688 1627 1937 1682 praeterea

251 1696 527 1751 406—4103
560 1698 611 1759 3)
636 1703 685 1745 et
703 1698 974 1752 411—416;
1008 1698 1060 1759 4)
1084 1698 1288 1758 denique
1310 1699 1585 1753 400—4033
1617 1698 1668 1758 ὃ)
1697 1701 1933 1757 postremo

249 1771 514 1818 orl—522.

905 1891 984 1948 VI,
1022 1892 1283 1939 608—638.

375 1992 748 2044 Bookemuolleri
779 2007 999 2046 versuum
1022 1993 1269 2040 608--638
1301 1998 1411 2053 post
1438 2009 1479 2048 γ,
1504 1994 1592 2049 711
1627 1993 1931 2053 transpositio

250 2068 330 2115 vix
359 2068 647 2115 refutatione
680 2072 799 2127 eget.
875 2067 1101 2122 Versibus
1134 2070 1257 2123 enim
1291 2069 1535 2122 703—711
1570 2067 1816 2123 Lucretius
1849 2083 1932 2114 ex-

250 2143 386 2203 ponit
417 2143 601 2203 aliquot
635 2158 736 2190 esse
767 2159 857 2200 res,
892 2158 1092 2202 quarum
1125 2142 1387 2202 complures
1420 2143 1613 2202 quidem
1646 2157 1817 2189 causae
1852 2157 1930 2189 co-

250 2219 393 2278 gitari
426 2219 622 2279 possint,
656 2219 753 2275 sed,
788 2219 829 2265 si
861 2217 992 2274 fiant,
1028 2217 1091 2264 ad
1122 2233 1265 2264 unam
1296 2223 1483 2264 tantum
1529 2233 1690 2264 earum
1722 2217 1931 2264 referen-

250 2293 342 2340 dae
390 2294 498 2340 sint.
581 2293 803 2340 Versibus
852 2298 1011 2340 autem
1059 2293 1305 2340 608—638
1356 2292 1619 2353 complures
1669 2291 1931 2339 afferuntur

249 2383 421 2416 causae
453 2384 576 2429 quae
608 2384 705 2415 una
737 2374 786 2416 et
817 2369 1093 2417 coniunctae
1126 2367 1346 2425 efficiant,
1380 2374 1435 2415 ut
1464 2384 1595 2417 mare
1626 2383 1721 2419 non
1755 2383 1930 2428 augea—

249 2448 349 2500 tur3
382 2449 544 2491 utrum
574 2459 684 2491 vero
718 2459 879 2491 omnes
910 2444 1001 2492 hae
1033 2459 1125 2493 uno
1166 2444 1421 2504 eodemque
1458 2449 1671 2504 tempore
1710 2458 1771 2494 an
1814 2458 1929 2490 non-

250 2520 409 2575 nullae
441 2524 551 2580 post
583 2519 833 2566 intervalla
864 2524 1052 2567 tantum
1084 2534 1180 2577 una
1213 2534 1318 2566 cum
1353 2519 1522 2567 ceteris
1553 2519 1648 2569 vim
1680 2533 1816 2569 suam
1832 2534 1928 2570 -ex—

248 2593 459 2652 hibeant,
492 2593 612 2641 nihil
644 2593 829 2641 omnino
861 2594 1072 2643 interest.

374 2669 705 2726 Lachmannus
737 2669 796 2715 de
827 2669 902 2717 his
933 2669 1145 2717 versibus
1172 2668 1291 2718 haee
1333 2669 1429 2717 iam
1467 2674 1597 2715 recte
1637 2669 1777 2718 vidit:
1823 2684 1929 2720 cum

249 2744 367 2793 haec
418 2760 531 2806 pars
579 2744 819 2806 particula
866 2744 1159 2806 principio
1207 2743 1418 2804 incipiat,
1471 2759 1575 2794 eam
1618 2743 1930 2803 complurium

248 2821 374 2868 inter
404 2836 457 2868 se
487 2822 666 2868 arctius
696 2819 1048 2867 cohaerentium
1090 2819 1300 2879 partium
1343 2820 1546 2878 primam
1589 2833 1691 2865 esse
1735 2819 1929 2875 debere3

247 2896 371 2944 hanc
403 2898 612 2958 partium
643 2896 813 2943 seriem
843 2896 1031 2943 initium
1064 2911 1093 2944 a
1124 2910 1263 2943 versu
1297 2895 1387 2943 608
1428 2910 1598 2955 capere
1639 2909 1732 2941 non
1775 2910 1929 2956 posse,

248 2988 356 3019 cum
388 2989 444 3020 ea
475 2988 599 3033 pars,
632 2987 730 3031 qua
761 2971 818 3017 de
857 2976 1015 3017 terrae
1055 2971 1262 3018 motibus
1301 2971 1473 3029 agitur,
1518 2971 1608 3031 (vv.
1657 2971 1930 3032 335—607)

248 3053 297 3094 et
331 3063 400 3105 ea,
436 3064 533 3108 qua
555 3048 617 3094 de
638 3047 818 3093 Aetnae
841 3045 1169 3106 eruptionibus
1191 3045 1350 3104 agitur
1373 3045 1463 3107 (vv.
1489 3046 1775 3108 639—702),
1807 3047 1932 3094 inter

247 3137 296 3169 se
329 3122 681 3182 coniungendae
714 3123 834 3176 sint3
868 3121 1070 3180 denique
1101 3124 1230 3168 recte
1269 3120 1390 3170 dixit
1423 3120 1604 3172 nullum
1638 3126 1826 3173 exstare
1859 3121 1930 3168 lo-

246 3213 354 3245 cum
386 3199 469 3246 ubi
514 3198 566 3245 hi
607 3211 768 3244 versus
809 3196 1029 3244 carminis
1067 3195 1368 3244 continuitati
1400 3200 1512 3255 apte
1544 3196 1690 3247 inseri
1723 3202 1932 3257 possent.
